

@article{Aad:2014wha,
      author         = "Aad, Georges and others",
      title          = "{Measurement of inclusive jet charged-particle fragmentation functions in Pb+Pb collisions at $\sqrt{s_{NN}}=2.76$ TeV with the ATLAS detector}",
      collaboration  = "ATLAS",
      journal        = "Phys. Lett.",
      volume         = "B739",
      year           = "2014",
      pages          = "320-342",
      doi            = "10.1016/j.physletb.2014.10.065",
      eprint         = "1406.2979",
      archivePrefix  = "arXiv",
      primaryClass   = "hep-ex",
      reportNumber   = "CERN-PH-EP-2014-101",
      SLACcitation   = "%%CITATION = ARXIV:1406.2979;%%"
}


@article{Salam:2009jx,
      author         = "Salam, Gavin P.",
      title          = "{Towards Jetography}",
      booktitle      = "{2008 CTEQ-MCnet Summer School on QCD Phenomenology and
                        Monte Carlo Event Generators (MCnet 08) (CTEQ 08)
                        Debrecen, Hungary, August 8-16, 2008}",
      journal        = "Eur. Phys. J.",
      volume         = "C67",
      year           = "2010",
      pages          = "637-686",
      doi            = "10.1140/epjc/s10052-010-1314-6",
      eprint         = "0906.1833",
      archivePrefix  = "arXiv",
      primaryClass   = "hep-ph",
      SLACcitation   = "%%CITATION = ARXIV:0906.1833;%%"
}


@article{Evans:2008zzb,
      author         = "Evans, Lyndon and Bryant, Philip",
      title          = "{LHC Machine}",
      journal        = "JINST",
      volume         = "3",
      year           = "2008",
      pages          = "S08001",
      doi            = "10.1088/1748-0221/3/08/S08001",
      SLACcitation   = "%%CITATION = JINST,3,S08001;%%"
}


@article{Chatrchyan:2014fea,
      author         = "Chatrchyan, Serguei and others",
      title          = "{Description and performance of track and primary-vertex
                        reconstruction with the CMS tracker}",
      collaboration  = "CMS",
      journal        = "JINST",
      volume         = "9",
      year           = "2014",
      number         = "10",
      pages          = "P10009",
      doi            = "10.1088/1748-0221/9/10/P10009",
      eprint         = "1405.6569",
      archivePrefix  = "arXiv",
      primaryClass   = "physics.ins-det",
      reportNumber   = "CMS-TRK-11-001, CERN-PH-EP-2014-070",
      SLACcitation   = "%%CITATION = ARXIV:1405.6569;%%"
}



@article{HIN_2015_011,
      author         = "Khachatryan, Vardan and others",
      title          = "{Decomposing transverse momentum balance contributions
                        for quenched jets in PbPb collisions at $
                        \sqrt{s_{\mathrm{N}\;\mathrm{N}}}=2.76 $ TeV}",
      collaboration  = "CMS",
      journal        = "JHEP",
      volume         = "11",
      year           = "2016",
      pages          = "055",
      doi            = "10.1007/JHEP11(2016)055",
      eprint         = "1609.02466",
      archivePrefix  = "arXiv",
      primaryClass   = "nucl-ex",
      reportNumber   = "CMS-HIN-15-011, CERN-EP-2016-199",
      SLACcitation   = "%%CITATION = ARXIV:1609.02466;%%"
}


@article{CMS:2016ouo,
      author         = "CMS Collaboration",
      title          = "{Measurement of the charged particle nuclear modification
                        factor in PbPb collisions at $\sqrt{s_{\rm
                        NN}}=5.02~\mathrm{TeV}$}",
      collaboration  = "CMS",
      year           = "2016",
      reportNumber   = "CMS-PAS-HIN-15-015",
      SLACcitation   = "%%CITATION = CMS-PAS-HIN-15-015;%%"
}


@unpublished{particle_raa,
author = "CMS Collaboration",
title = "Centrality and event plane reconstruction for PbPb collisions at 5 TeV in 2015",
reportNumber = "AN-15-090",
year = "2015"
}

@unpublished{cent_determination,
author = "CMS Collaboration",
title = "Study of high-pT charged particle suppression in PbPb compared to pp collisions at 5.02 TeV",
reportNumber = "AN-15-187",
year = "2015",
}


@article{Khachatryan:2016bia,
      author         = "Khachatryan, Vardan and others",
      title              = "{The CMS trigger system}",
      collaboration  = "CMS",
      journal        = "JINST",
      volume         = "12",
      pages          = "P01020",
      doi            = "10.1088/1748-0221/12/01/P01020",
      year           = "2017",
      eprint         = "1609.02366",
      archivePrefix  = "arXiv",
      primaryClass   = "physics.ins-det",
      reportNumber   = "CMS-TRG-12-001, CERN-EP-2016-160",
      SLACcitation   = "%%CITATION = ARXIV:1609.02366;%%"
}



@article{HIN_2014_016,
      author         = "Khachatryan, Vardan and others",
      title          = "{Correlations between jets and charged particles in PbPb
                        and pp collisions at $ \sqrt{s_{\rm NN}}=2.76 $ TeV}",
      collaboration  = "CMS",
      journal        = "JHEP",
      volume         = "02",
      year           = "2016",
      pages          = "156",
      doi            = "10.1007/JHEP02(2016)156",
      eprint         = "1601.00079",
      archivePrefix  = "arXiv",
      primaryClass   = "nucl-ex",
      reportNumber   = "CMS-HIN-14-016, CERN-PH-EP-2015-329"
    }





@article{Chatrchyan:2012wg,
      author         = "Chatrchyan, Serguei and others",
      title          = "{Centrality dependence of dihadron correlations and
                        azimuthal anisotropy harmonics in PbPb collisions at
                        $\sqrt{s_{\rm NN}}=2.76$ TeV}",
      collaboration  = "CMS",
      journal        = "Eur. Phys. J.",
      volume         = "C72",
      year           = "2012",
      pages          = "2012",
      doi            = "10.1140/epjc/s10052-012-2012-3",
      eprint         = "1201.3158",
      archivePrefix  = "arXiv",
      primaryClass   = "nucl-ex",
      reportNumber   = "CMS-HIN-11-006, CERN-PH-EP-2011-222",
      SLACcitation   = "%%CITATION = ARXIV:1201.3158;%%"
}



@article{Chatrchyan:2013kba,
      author         = "Chatrchyan, Serguei and others",
      title          = "{Measurement of higher-order harmonic azimuthal
                        anisotropy in PbPb collisions at $\sqrt{s_{\rm NN}}$ = 2.76
                        TeV}",
      collaboration  = "CMS",
      journal        = "Phys. Rev. C",
      volume         = "89",
      year           = "2014",
      pages          = "044906",
      doi            = "10.1103/PhysRevC.89.044906",
      eprint         = "1310.8651",
      archivePrefix  = "arXiv",
      primaryClass   = "nucl-ex",
      reportNumber   = "CMS-HIN-11-005, CERN-PH-EP-2013-196",
      SLACcitation   = "%%CITATION = ARXIV:1310.8651;%%"
}

@Article{Chatrchyan:2008zzk,
     author    = "Chatrchyan, S. and others",
     collaboration = "CMS",
     title     = "The {CMS} experiment at the {CERN} {LHC}",
     journal   = "JINST",
     volume    = "3",
     year      = "2008",
     pages     = "S08004",
     doi       = "10.1088/1748-0221/3/08/S08004"
}



@article{Apolinario:2012cg,
      author         = "Apolinario, Liliana and Armesto, Nestor and Cunqueiro,
                        Leticia",
      title          = "{An analysis of the influence of background subtraction
                        and quenching on jet observables in heavy-ion collisions}",
      journal        = "JHEP",
      volume         = "02",
      year           = "2013",
      pages          = "022",
      doi            = "10.1007/JHEP02(2013)022",
      eprint         = "1211.1161",
      archivePrefix  = "arXiv",
      primaryClass   = "hep-ph",
      SLACcitation   = "%%CITATION = ARXIV:1211.1161;%%"
}

@article{Blaizot:2014ula,
      author         = "Blaizot, Jean-Paul and Mehtar-Tani, Yacine and Torres,
                        Marcus A. C.",
      title          = "{Angular structure of the in-medium QCD cascade}",
      journal        = "Phys. Rev. Lett.",
      volume         = "114",
      year           = "2015",
      number         = "22",
      pages          = "222002",
      doi            = "10.1103/PhysRevLett.114.222002",
      eprint         = "1407.0326",
      archivePrefix  = "arXiv",
      primaryClass   = "hep-ph",
      SLACcitation   = "%%CITATION = ARXIV:1407.0326;%%"
}


@article{Escobedo:2016jbm,
      author         = "Escobedo, Miguel A. and Iancu, Edmond",
      title          = "{Event-by-event fluctuations in the medium-induced jet
                        evolution}",
      journal        = "JHEP",
      volume         = "05",
      year           = "2016",
      pages          = "008",
      doi            = "10.1007/JHEP05(2016)008",
      eprint         = "1601.03629",
      archivePrefix  = "arXiv",
      primaryClass   = "hep-ph",
      SLACcitation   = "%%CITATION = ARXIV:1601.03629;%%"
}

@article{Cao:2016gvr,
      author         = "Cao, Shanshan and Luo, Tan and Qin, Guang-You and Wang,
                        Xin-Nian",
      title          = "{Linearized Boltzmann transport model for jet propagation
                        in the quark-gluon plasma: Heavy quark evolution}",
      journal        = "Phys. Rev.",
      volume         = "C94",
      year           = "2016",
      number         = "1",
      pages          = "014909",
      doi            = "10.1103/PhysRevC.94.014909",
      eprint         = "1605.06447",
      archivePrefix  = "arXiv",
      primaryClass   = "nucl-th",
      SLACcitation   = "%%CITATION = ARXIV:1605.06447;%%"
}



@article{Elayavalli:2017hxo,
      author         = "Kunnawalkam Elayavalli, Raghav and Zapp, Korinna
                        Christine",
      title          = "{Medium response in JEWEL and its impact on jet shape
                        observables in heavy ion collisions}",
      journal        = "JHEP",
      volume         = "07",
      year           = "2017",
      pages          = "141",
      doi            = "10.1007/JHEP07(2017)141",
      eprint         = "1707.01539",
      archivePrefix  = "arXiv",
      primaryClass   = "hep-ph",
      reportNumber   = "CERN-TH-2017-146, MCNET-17-11",
      SLACcitation   = "%%CITATION = ARXIV:1707.01539;%%"
}



@article{Tachibana:2017syd,
      author         = "Tachibana, Yasuki and Chang, Ning-Bo and Qin, Guang-You",
      title          = "{Full jet in quark-gluon plasma with hydrodynamic medium
                        response}",
      journal        = "Phys. Rev.",
      volume         = "C95",
      year           = "2017",
      number         = "4",
      pages          = "044909",
      doi            = "10.1103/PhysRevC.95.044909",
      eprint         = "1701.07951",
      archivePrefix  = "arXiv",
      primaryClass   = "nucl-th",
      SLACcitation   = "%%CITATION = ARXIV:1701.07951;%%"
}



@article{Cao:2017hhk,
      author         = "Cao, Shanshan and Luo, Tan and Qin, Guang-You and Wang,
                        Xin-Nian",
      title          = "{Heavy and light flavor jet quenching at RHIC and LHC
                        energies}",
      year           = "2017",
      eprint         = "1703.00822",
      archivePrefix  = "arXiv",
      primaryClass   = "nucl-th",
      SLACcitation   = "%%CITATION = ARXIV:1703.00822;%%"
}


@article{Ayala:2015jaa,
      author         = "Ayala, Alejandro and Dominguez, Isabel and
                        Jalilian-Marian, Jamal and Tejeda-Yeomans, Maria Elena",
      title          = "{Jet asymmetry and momentum imbalance from $2 \to 2$ and
                        $2 \to 3$ partonic processes in relativistic heavy-ion
                        collisions}",
      journal        = "Phys. Rev. C",
      volume         = "92",
      year           = "2015",
      number         = "4",
      pages          = "044902",
      doi            = "10.1103/PhysRevC.92.044902",
      eprint         = "1503.06889",
      archivePrefix  = "arXiv",
      primaryClass   = "hep-ph",
      SLACcitation   = "%%CITATION = ARXIV:1503.06889;%%"
}

@article{Aamodt:2011by,
      author         = "Aamodt, K. and others",
      title          = "{Harmonic decomposition of two-particle angular
                        correlations in Pb-Pb collisions at $\sqrt{s_{\rm NN}}=2.76$
                        TeV}",
      collaboration  = "ALICE",
      journal        = "Phys. Lett. B",
      volume         = "708",
      pages          = "249",
      doi            = "10.1016/j.physletb.2012.01.060",
      year           = "2012",
      eprint         = "1109.2501",
      archivePrefix  = "arXiv",
      primaryClass   = "nucl-ex",
      SLACcitation   = "%%CITATION = ARXIV:1109.2501;%%",
}

@article{CMS:EGM-14-001,
      author         = "Khachatryan, Vardan and others",
      title          = "{Performance of photon reconstruction and identification with the CMS detector in proton-proton collisions at $\sqrt{s_{\rm NN}} = 8$ TeV}",
      collaboration  = "CMS",
      year           = "2015",
   journal           = "JINST",
      volume          = "10",
      pages           = "P08010",
      eprint         = "1502.02702",
      archivePrefix  = "arXiv",
      primaryClass   = "physics.ins-det",
      reportNumber   = "CMS-EGM-14-001, CERN-PH-EP-2015-006",
      SLACcitation   = "%%CITATION = ARXIV:1502.02702;%%",
     doi= "10.1088/1748-0221/10/08/P08010",

}


@article{TRK-11-001,
      author         = "Chatrchyan, Serguei and others",
      title          = "{Description and performance of track and
                        primary-vertex reconstruction with the CMS
                        tracker}",
      collaboration  = "CMS",
      journal           = "JINST",
      volume          = "9",
      pages           = "P10009",
      doi            = "10.1088/1748-0221/9/10/P10009",
      year           = "2014",
      eprint         = "1405.6569",
      archivePrefix  = "arXiv",
      primaryClass   = "physics.ins-det",
      reportNumber   = "CMS-TRK-11-001, CERN-PH-EP-2014-070",
      SLACcitation   = "%%CITATION = ARXIV:1405.6569;%%",
}


@article{Adler:2002tq,
      author         = "Adler, C. and others",
      title          = "{Disappearance of back-to-back high-$p_{\rm T}$ hadron
                        correlations in central Au+Au collisions at
                        $\sqrt{s_{\rm NN}}$ = 200 GeV}",
      collaboration  = "STAR",
      journal        = "Phys. Rev. Lett.",
      volume         = "90",
      year           = "2003",
      pages          = "082302",
      doi            = "10.1103/PhysRevLett.90.082302",
      eprint         = "nucl-ex/0210033",
      archivePrefix  = "arXiv",
      primaryClass   = "nucl-ex",
      SLACcitation   = "%%CITATION = NUCL-EX/0210033;%%"
}



@article{Phenix2002,
      author         = "Adcox, K. and others",
      title          = "{Suppression of hadrons with large transverse momentum in
                        central Au+Au collisions at $\sqrt{s_{\rm NN}}$ = 130 GeV}",
      collaboration  = "PHENIX",
      journal        = "Phys. Rev. Lett.",
      volume         = "88",
      pages          = "022301",
      doi            = "10.1103/PhysRevLett.88.022301",
      year           = "2002",
      eprint         = "nucl-ex/0109003",
      archivePrefix  = "arXiv",
      primaryClass   = "nucl-ex",
      SLACcitation   = "%%CITATION = NUCL-EX/0109003;%%",
}




@article{Star2005,
  title = {Distributions of Charged Hadrons Associated with High Transverse Momentum Particles in pp and $\mathrm{Au}+\mathrm{Au}$ Collisions at $\sqrt{s_{\rm NN}}=200\text{ }\text{ }\mathrm{GeV}$},
  author = {Adams, J. and others},
  collaboration = {STAR},
  journal = {Phys. Rev. Lett.},
  volume = {95},
  pages = {152301},
  numpages = {6},
  year = {2005},
    publisher = {American Physical Society},
  doi = {10.1103/PhysRevLett.95.152301},
   eprint         = "nucl-ex/0501016",
      archivePrefix  = "arXiv",
      primaryClass   = "nucl-ex",

}


@article{Aad:2015wga,
      author         = "Aad, Georges and others",
      title          = "{Measurement of charged-particle spectra in Pb+Pb
                        collisions at $\sqrt{s_{\rm NN}} = 2.76$ TeV with
                        the ATLAS detector at the LHC}",
      collaboration  = "ATLAS",
      journal        = "JHEP",
      volume         = "09",
      year           = "2015",
      pages          = "050",
      doi            = "10.1007/JHEP09(2015)050",
      eprint         = "1504.04337",
      archivePrefix  = "arXiv",
      primaryClass   = "hep-ex",
      reportNumber   = "CERN-PH-EP-2015-032",
      SLACcitation   = "%%CITATION = ARXIV:1504.04337;%%"
}


@article{Star2003,
  title = {Evidence from $d+\mathrm{A}\mathrm{u}$ Measurements for Final-State Suppression of High-${p}_{\rm T}$ Hadrons in $\mathrm{A}\mathrm{u}+\mathrm{A}\mathrm{u}$ Collisions at RHIC},
  author = {Adams, J. and others},
  collaboration = {STAR},
  journal = {Phys. Rev. Lett.},
  volume = {91},
  pages = {072304},
  numpages = {6},
  year = {2003},
   publisher = {American Physical Society},
  doi = {10.1103/PhysRevLett.91.072304},
   eprint         = "nucl-ex/0306024",
      archivePrefix  = "arXiv",
      primaryClass   = "nucl-ex",
}








@article{RhicJetHadron,
      author         = "Adamczyk, L. and others",
      title          = "{Jet-Hadron Correlations in $\sqrt{s_{\rm NN}}$ = 200 GeV p+p
                        and Central Au+Au Collisions}",
      collaboration  = "STAR",
      journal        = "Phys. Rev. Lett.",
      volume         = "112",
      pages          = "122301",
      doi            = "10.1103/PhysRevLett.112.122301",
      year           = "2014",
      eprint         = "1302.6184",
      archivePrefix  = "arXiv",
      primaryClass   = "nucl-ex",
      SLACcitation   = "%%CITATION = ARXIV:1302.6184;%%",
}




@Article{RhicDijets,
  author = {J. Adams and others},
  collaboration = {STAR},
  title     = "{Direct Observation of Dijets in Central Au+Au Collisions at $\sqrt{s_{\rm NN}}$ = 200 GeV}",
  journal = {Phys. Rev. Lett.},
  volume = {97},
  pages = {162301},
  year = {2006},
  publisher = {American Physical Society},
  doi = "10.1103/PhysRevLett.97.162301",
  eprint         = "nucl-ex/0604018",
  archivePrefix  = "arXiv",
  primaryClass   = "nucl-ex",
}


@article{GolubReinschSVD,
year={1970},
issn={0029-599X},
journal={Numerische Mathematik},
volume={14},
doi={10.1007/BF02163027},
title={Singular value decomposition and least squares solutions},
url={http://dx.doi.org/10.1007/BF02163027},
publisher={Springer-Verlag},
author={Golub, G.H. and Reinsch, C.},
pages={403-420},
language={English}
}


@ARTICLE{jff_ANnote,
  COLLABORATION= "CMS",
  TITLE        = "Jet fragmentation functions in PbPb and pp collisions at 2.76 TeV with CMS",
  JOURNAL      = "CMS Analysis Note",
  VOLUME       = "CMS-AN-2013/271",
  YEAR         = "2013",

}


@ARTICLE{v2_HIN_11_012,
  AUTHOR = "Chatrchyan, Serguei and others",
  COLLABORATION= "CMS",
  TITLE        = "Azimuthal Anisotropy of Charge Particles at High Transvere Momenta in Pb-Pb Collisions at $\sqrt{s_{\rm NN}}=2.76$ {TeV}",
  JOURNAL      = "Phys. Rev. Lett.",
  VOLUME       = "109",
  pages        = "022301",
  YEAR         = "2012",
  doi = "10.1103/PhysRevLett.109.022301",
  eprint         = "1204.1850",
      archivePrefix  = "arXiv",
      primaryClass   = "nucl-ex",
}


@article{Adam:2015ewa,
      author         = "Adam, Jaroslav and others",
      title          = "{Measurement of jet suppression in central Pb-Pb collisions at $\sqrt{s_{\rm NN}}$ = 2.76 TeV}",
      collaboration  = "ALICE",
      journal        = "Phys. Lett. B",
      volume         = "746",
      year           = "2015",
      pages          = "1",
      doi            = "10.1016/j.physletb.2015.04.039",
      eprint         = "1502.01689",
      archivePrefix  = "arXiv",
      primaryClass   = "nucl-ex",
      reportNumber   = "CERN-PH-EP-2015-023",
      SLACcitation   = "%%CITATION = ARXIV:1502.01689;%%"

}


@article{Burke:2013yra,
      author         = "Burke, Karen M. and others",
      title          = "{Extracting the jet transport coefficient from jet
                        quenching in high-energy heavy-ion collisions}",
      collaboration  = "JET",
      journal        = "Phys. Rev.",
      volume         = "C90",
      year           = "2014",
      number         = "1",
      pages          = "014909",
      doi            = "10.1103/PhysRevC.90.014909",
      eprint         = "1312.5003",
      archivePrefix  = "arXiv",
      primaryClass   = "nucl-th",
      reportNumber   = "NT-LBNL-13-011",
      SLACcitation   = "%%CITATION = ARXIV:1312.5003;%%"
}



@article{HIN_2014_010,
      author         = "Khachatryan, Vardan and others",
      title          = "{Measurement of transverse momentum relative to dijet
                        systems in PbPb and pp collisions at $\sqrt{s_{\rm NN}} =
                        2.76$ TeV}",
      collaboration  = "CMS",
        journal        = "JHEP",
      volume         = "01",
      year           = "2016",
      pages          = "6",
      doi            = "10.1007/JHEP01(2016)006",
      eprint         = "1509.09029",
      archivePrefix  = "arXiv",
      primaryClass   = "nucl-ex",
      reportNumber   = "CMS-HIN-14-010, CERN-PH-EP-2015-260",

}

@article{Adare:2007vu,
      author         = "Adare, A. and others",
      title          = "{Transverse momentum and centrality dependence of
                        dihadron correlations in Au+Au collisions at  $\sqrt{s_{\rm NN}}$ =
                        200 GeV: Jet-quenching and the response of partonic
                        matter}",
      collaboration  = "PHENIX",
      journal        = "Phys. Rev. C",
      volume         = "77",
      year           = "2008",
      pages          = "011901",
      doi            = "10.1103/PhysRevC.77.011901",
      eprint         = "0705.3238",
      archivePrefix  = "arXiv",
      primaryClass   = "nucl-ex",
      SLACcitation   = "%%CITATION = ARXIV:0705.3238;%%"
}


@article{Chatrchyan:2011ds,
      author         = "Chatrchyan, Serguei and others",
      title          = "{Determination of Jet Energy Calibration and Transverse
                        Momentum Resolution in CMS}",
      collaboration  = "CMS",
      journal        = "JINST",
      volume         = "6",
      pages          = "P11002",
      doi            = "10.1088/1748-0221/6/11/P11002",
      year           = "2011",
      eprint         = "1107.4277",
      archivePrefix  = "arXiv",
      primaryClass   = "physics.ins-det",
      reportNumber   = "CERN-PH-EP-2011-102, CMS-JME-10-011",
      SLACcitation   = "%%CITATION = ARXIV:1107.4277;%%",
}


@article{Alver:2010gr,
      author         = "Alver, B. and Roland, G.",
      title          = "{Collision geometry fluctuations and triangular flow in
                        heavy-ion collisions}",
      journal        = "Phys. Rev. C",
      volume         = "81",
      year           = "2010",
      pages          = "054905",
      doi            = "10.1103/PhysRevC.81.054905",
      note           = "[Erratum: Phys. Rev.C82,039903(2010)]",
      eprint         = "1003.0194",
      archivePrefix  = "arXiv",
      primaryClass   = "nucl-th",
      SLACcitation   = "%%CITATION = ARXIV:1003.0194;%%"
}



@Article{ppridge,
      COLLABORATION = "CMS",
      TITLE       = "Observation of long-range, near-side angular correlations in proton-proton collisions at the {LHC}",
      AUTHOR      = "Khachatryan, Vardan and others",
      JOURNAL     = "JHEP",
      VOLUME      = "09",
      PAGES       = "091",
      DOI         = "10.1007/JHEP09(2010)091",
      YEAR        = "2010",
      eprint         = "1009.4122",
      archivePrefix  = "arXiv",
      primaryClass   = "hep-ex",
}


@Article{pPbridge,
  author    = "Chatrchyan, Serguei and others",
  collaboration = "CMS",
  title  = "{Observation of long-range, near-side angular correlations in pPb collisions at the LHC.}",
  journal       = "Phys. Lett. B",
  volume        = "718",
  pages         = "795",
  year          = "2013",
 eprint         = "1210.5482",
      archivePrefix  = "arXiv",
    primaryClass   = "nucl-ex",
 doi={10.1016/j.physletb.2012.11.025},
}

@Article{HIN13002,
      author         = "Sergeui Chatrchyan et. al. ",
      title          = "{Multiplicity and transverse momentum dependence of two-
                        and four-particle correlations in pPb and PbPb
                        collisions}",
      collaboration  = "CMS",
      journal        = "Phys. Lett. B",
      volume         = "724",
      year           = "2013",
      pages          = "213",
      doi            = "10.1016/j.physletb.2013.06.028",
      eprint         = "1305.0609",
      archivePrefix  = "arXiv",
      primaryClass   = "nucl-ex",
      reportNumber   = "CMS-HIN-13-002, CERN-PH-EP-2013-077",
      SLACcitation   = "%%CITATION = ARXIV:1305.0609;%%"
}
}

@Article{Aid:1995ma,
     author    = "Aid, S. and others",
 collaboration = "H1",
     title     = "{Jets and energy flow in photon-proton collisions at
                  HERA}",
     journal   = "Z. Phys. C",
     volume    = "70",
     year      = "1996",
     pages     = "17",
     eprint    = "hep-ex/9511012",
     archivePrefix = "arXiv",
     doi       = "10.1007/s002880050076",
     SLACcitation  = "%%CITATION = HEP-EX/9511012;%%"
}

@Article{Adloff:1997gq,
     author    = "Adloff, C. and others",
 collaboration = "H1",
     title     = "{Measurement of event shape variables in deep-inelastic ep
                  scattering}",
     journal   = "Phys. Lett. B",
     volume    = "406",
     year      = "1997",
     pages     = "256",
     eprint    = "hep-ex/9706002",
     archivePrefix = "arXiv",
     doi       = "10.1016/S0370-2693(97)00754-5",
     SLACcitation  = "%%CITATION = HEP-EX/9706002;%%"
}

@Article{Breitweg:1997gg,
     author    = "Breitweg, J. and others",
 collaboration = "ZEUS",
     title     = "{Measurement of jet shapes in photoproduction at HERA}",
     journal   = "Eur. Phys. J. C",
     volume    = "2",
     year      = "1998",
     pages     = "61",
     eprint    = "hep-ex/9710002",
     archivePrefix = "arXiv",
     doi       = "10.1007/s100520050124",
     SLACcitation  = "%%CITATION = HEP-EX/9710002;%%"
}

@Article{Adloff:1998ni,
     author    = "Adloff, C. and others",
 collaboration = "H1",
     title     = "{Measurement of internal jet structure in dijet production
                  in deep-inelastic scattering at HERA}",
     journal   = "Nucl. Phys. B.",
     volume    = "545",
     year      = "1999",
     pages     = "3",
     eprint    = "hep-ex/9901010",
     archivePrefix = "arXiv",
     doi       = "10.1016/S0550-3213(99)00118-2",
     SLACcitation  = "%%CITATION = HEP-EX/9901010;%%"
}
@Article{Breitweg:1998gf,
     author    = "Breitweg, J. and others",
 collaboration = "ZEUS",
     title     = "{Measurement of jet shapes in high-$Q^{2}$ deep inelastic
                  scattering at HERA}",
     journal   = "Eur. Phys. J. C",
     volume    = "8",
     year      = "1999",
     pages     = "367",
     eprint    = "hep-ex/9804001",
     archivePrefix = "arXiv",
     doi       = "10.1007/s100520050471",
     SLACcitation  = "%%CITATION = HEP-EX/9804001;%%"
}

@article{Nguyen:2011fg,
      author         = "Nguyen, Matthew",
      title          = "{Jet Reconstruction with Particle Flow in Heavy-Ion
                        Collisions with CMS}",
      journal        = "J. Phys. G",
      volume         = "G 38",
      pages          = "124151",
      doi            = "10.1088/0954-3899/38/12/124151",
      year           = "2011",
      eprint         = "1107.0179",
      archivePrefix  = "arXiv",
      primaryClass   = "nucl-ex",
      SLACcitation   = "%%CITATION = ARXIV:1107.0179;%%",
}

@TECHREPORT{particle_flow,
      COLLABORATION = "MS",
      TITLE       = "Particle--Flow Event Reconstruction in {CMS} and Performance for Jets, Taus, and {\MET}",
      AUTHOR      = "{CMS Collaboration}",
      URL         = "http://cdsweb.cern.ch/record/1194487",
      TYPE        = "CMS Physics Analysis Summary",
      NUMBER      = "CMS-PAS-PFT-09-001",
      YEAR        = "2009"
}

@Article{Abe:1992wv,
     author    = "Abe, F. and others",
 collaboration = "CDF",
     title     = "{Measurement of jet shapes in $\bar{\cmsSymbolFace{p}}\cmsSymbolFace{p}$ collisions at
                  $\sqrt{s_{\rm NN}} = 1.8$ TeV}",
     journal   = "Phys. Rev. Lett.",
     volume    = "70",
     year      = "1993",
     pages     = "713",
     doi       = "10.1103/PhysRevLett.70.713"
}
@Article{Abachi:1995zw,
     author    = "Abachi, S. and others",
 collaboration = "D0",
     title     = "{Transverse energy distributions within jets in $\cmsSymbolFace{p}\bar{\cmsSymbolFace{p}}$
                  collisions at $\sqrt{s_{\rm NN}} = 1.8$ TeV}",
     journal   = "Phys. Lett. B.",
     volume    = "357",
     year      = "1995",
     pages     = "500",
     doi       = "10.1016/0370-2693(95)00889-S",
     SLACcitation  = "%%CITATION = PHLTA,B357,500;%%"
}
@Article{Acosta:2005ix,
     author    = "Acosta, Darin E. and others",
     collaboration = "CDF",
     title     = "{Study of jet shapes in inclusive jet production in
                  $\cmsSymbolFace{p}\bar{\cmsSymbolFace{p}}$ collisions at $\sqrt{s_{\rm NN}}=1.96$ TeV}",
     journal   = "Phys. Rev. D",
     volume    = "71",
     year      = "2005",
     pages     = "112002",
     eprint    = "hep-ex/0505013",
     archivePrefix = "arXiv",
     doi       = "10.1103/PhysRevD.71.112002",
     SLACcitation  = "%%CITATION = HEP-EX/0505013;%%"
}

@Article{ATLAS_jetshape,
 collaboration = "ATLAS",
     title     = "{Study of jet shapes in inclusive jet production in pp collisions at
                  $\sqrt{s_{\rm NN}} = 7$ TeV using the ATLAS detector}",
     journal   = "Phys. Rev. D",
     volume    = "83",
     year      = "2011",
     pages     = "052003",
     eprint    = "1101.0070",
     primaryClass  =  "hep-ex",
     archivePrefix = "arXiv",
     doi       = "10.1103/PhysRevD.83.052003",
}

@Article{PbPbridge,
  author    = "CMS Collaboration",
  collaboration = "CMS",
  title={Long-range and short-range dihadron angular correlations in central PbPb collisions at  $\sqrt{s_{\textnormal{\rm NN}}}$ = 2.76 TeV},
  year={2011},
  journal={JHEP},
  volume={07},
  PAGES="076",
  eprint    = "1105.2438",
   archivePrefix = "arXiv",
  doi={10.1007/JHEP07(2011)076},
}



@ARTICLE{TRK-10-002,
     COLLABORATION= "CMS",
     TITLE        = "Measurement of Tracking Efficiency",
     JOURNAL      = "CMS Physics Analysis Summary",
     VOLUME       = "CMS-PAS-TRK-10-002",
     YEAR         = "2010"
}
@ARTICLE{pas_ecal,
     COLLABORATION= "CMS",
     TITLE        = "Electromagnetic calorimeter calibration with 7 TeV data",
     JOURNAL      = "CMS Physics Analysis Summary",
     VOLUME       = "CMS-PAS-EGM-10-003",
     YEAR         = "2010"
}
@article{CMS-DP-2011-008,
       COLLABORATION= "CMS",
       title        = "ECAL 2010 performance results",
       JOURNAL      = "CMS Detector Performance Summary",
       VOLUME       = "CMS-DP-2011-008",
       YEAR         = "2011"
}
@article{HCalTestBeam,
   COLLABORATION= "CMS HCAL/ECAL",
   title = "The CMS barrel calorimeter response to particle beams from 2 to 350 \GeVc",
   journal   = "Eur. Phys. J. C",
   issn = {1434-6044},
   pages = {359},
   volume = {60},
   doi = "10.1140/epjc/s10052-009-0959-5",
   year = {2009}
}
@ARTICLE{hcal_jinst,
     author    = "Chatrchyan, Serguei and others",
 collaboration = "CMS",
     title     = "{Performance of the CMS hadron calorimeter with cosmic ray
                  muons and LHC beam data}",
     journal   = "JINST",
     volume    = "5",
     year      = "2010",
     pages     = "T03012",
     eprint    = "0911.4991",
     archivePrefix = "arXiv",
     primaryClass  =  "physics.ins-det",
     doi       = "10.1088/1748-0221/5/03/T03012",
     SLACcitation  = "%%CITATION = 0911.4991;%%"
}
@ARTICLE{pas_jet_crosssection,
   COLLABORATION={CMS},
   title = {Measurement of the Inclusive Jet Cross Section
            in pp Collisions at 7 TeV},
   journal = {CMS Physics Analysis Summary},
   year = {2010},
   volume ={\href{http://cms-physics.web.cern.ch/cms-physics/public/QCD-10-011-pas.pdf}{CMS-PAS-QCD-10-011}},
   url = {http://cms-physics.web.cern.ch/cms-physics/public/QCD-10-011-pas.pdf}
}
@ARTICLE{antikt,
  author   = {Cacciari, M. and Salam, G. and Soyez, G},
  title    = {The anti-$k_t$ jet clustering algorithm},
  journal  = {JHEP},
  year     = {2008},
  volume   = {04},
  pages = {063},
  eprint    = "0802.1189",
  archivePrefix = "arXiv",
  primaryClass  =  "hep-ph",
  doi=          "10.1088/1126-6708/2008/04/063"


}

@Article{AN_2014_024,
 author = "CMS Collaboration",
    collaboration = "CMS",
      title        = "Momentum flow relative to dijets in PbPb collisions at 2.76 TeV",
   JOURNAL =       "CMS Analysis Note (Internal)",
      VOLUME = "AN-14-024",
      year         = "2014",
}


@Article{AN_2014_082,
 author = "CMS Collaboration",   
  collaboration = "CMS",
      title        = "Jet-track correlations in PbPb collisions at 2.76 TeV",
   JOURNAL =       "CMS Analysis Note (Internal)",
      VOLUME = "AN-14-082",
      year         = "2014",
}


@Article{AN_2015_090,
 author = "CMS Collaboration",
     collaboration = "CMS",  
    title        = "Decomposing energy balance contributions for quenched jets in PbPb versus pp collisions at $\sqrt{S_{NN}} $= 2.76 TeV",
   JOURNAL =       "CMS Analysis Note",
      VOLUME = "AN-15-059",
      year         = "2015",
}

@article{Cacciari:fastjet1,
      author = "Cacciari, Matteo and Salam, Gavin P. and Soyez, Gregory",
      title = "{FastJet} user manual",
      journal = "Eur. Phys. J. C",
      volume = "72",
      pages = "1896",
      doi = "10.1140/epjc/s10052-012-1896-2",
      year = "2012",
      eprint = "1111.6097",
      archivePrefix = "arXiv",
      primaryClass = "hep-ph",
      reportNumber = "CERN-PH-TH-2011-297",
}


@article{Cacciari:fastjet2,
      author         = "Cacciari, M. and  Salam, G. P.",
      title          = "{Dispelling the $N^{3}$ myth for the $k_t$ jet-finder}",
      journal        = "Phys. Lett. B",
      volume         = "641",
      pages          = "57",
      doi            = "10.1016/j.physletb.2006.08.037",
      year           = "2006",
      eprint         = "hep-ph/0512210",
      archivePrefix  = "arXiv",
      primaryClass   = "hep-ph",
}
@ARTICLE{JetMet,
     COLLABORATION= "CMS",
     TITLE        = "Jet Performance in pp Collisions at $\sqrt{s_{\rm NN}} = 7$ TeV",
     JOURNAL      = "CMS Physics Analysis Summary",
     VOLUME       = "CMS-PAS-JME-10-003",
     YEAR         = "2010"
}

@ARTICLE{SingleTrackStudies,
     COLLABORATION= "CMS",
     TITLE        = "Single Particle Response in the CMS Calorimeters",
     JOURNAL      = "CMS Physics Analysis Summary",
     VOLUME       = "CMS-PAS-JME-10-008",
     YEAR         = "2008"
}
@ARTICLE{Pythia,
  AUTHOR=       "Sj{\"{o}}strand, T. and Mrenna, S. and Skands, P.",
  TITLE=        "PYTHIA 6.4 physics and manual",
  JOURNAL=      "JHEP",
  VOLUME=       "05",
  PAGES=        "026",
  YEAR=         "2006",
  eprint    = "hep-ph/0603175",
  archivePrefix = "arXiv",
  doi=          "10.1088/1126-6708/2006/05/026"
}

@inproceedings{Field,
      author         = "Field, Rick",
      title          = "{Early LHC Underlying Event Data - Findings and
                        Surprises}",
      booktitle      = "{Hadron collider physics. Proceedings, 22nd Conference,
                        HCP 2010, Toronto, Canada}",
      year           = "2010",
      eprint         = "1010.3558",
      archivePrefix  = "arXiv",
      primaryClass   = "hep-ph",
      SLACcitation   = "%%CITATION = ARXIV:1010.3558;%%"
}


@Misc{Z2,
    note     = "The {\sc pythia6} {\sc Z2} tune is identical to the {\sc Z1}
    tune described in~\cite{Field}, except that {\sc Z2} uses the CTEQ6L PDF, while
    {\sc Z1} uses CTEQ5L"
}

@ARTICLE{GEANT4,
     author    = "Agostinelli, S. and others",
     collaboration = "GEANT4",
     title     = "{GEANT4} --- a simulation toolkit",
     journal   = "Nucl. Instrum. Meth. A",
     volume    = "506",
     year      = "2003",
     pages     = "250",
     doi       = "10.1016/S0168-9002(03)01368-8",
     SLACcitation  = "%%CITATION = NUIMA,A506,250;%%"
}
@ARTICLE{Herwig_t,
  AUTHOR=       "Bahr, M. and others",
  TITLE=        "Herwig++ physics and manual",
  JOURNAL=      "Eur. Phys. J. C",
  VOLUME=       "58",
  YEAR=         "2008",
  PAGES=        "639",
  eprint    = "0803.0883",
  archivePrefix = "arXiv",
  primaryClass  =  "hep-ph",
  doi=          "10.1140/epjc/s10052-008-0798-9"
}

@ARTICLE{pas_ParticleFlow,
     COLLABORATION= "CMS",
     TITLE        = "Particle-Flow Event Reconstruction in CMS and Performance for Jets, Taus, and $E_\mathrm{\rm T}^{\text{miss}}$",
     JOURNAL      = "CMS Physics Analysis Summary",
     VOLUME       = "CMS-PAS-PFT-09-001",
     YEAR         = "2009"
}


@Article{Cacciari_Jet,
      author         = "Cacciari, Matteo and Salam, Gavin P. and Soyez, Gregory",
      title          = "{The Catchment Area of Jets}",
      journal        = "JHEP",
      volume         = "0804",
      pages          = "005",
      doi            = "10.1088/1126-6708/2008/04/005",
      year           = "2008",
      eprint         = "0802.1188",
      archivePrefix  = "arXiv",
      primaryClass   = "hep-ph",
}

@ARTICLE{CMS-PAS-PFT-10-002,
      AUTHOR      = "{CMS Collaboration}",
      TITLE       = "Commissioning of the Particle-Flow Reconstruction in Minimum-Bias and Jet Events from \Pp\Pp\ Collisions at 7 {TeV}",
      URL         = "http://cdsweb.cern.ch/record/1279341",
      JOURNAL     = "CMS Physics Analysis Summary",
      VOLUME      = "\href{http://cdsweb.cern.ch/record/1279341}{CMS-PAS-PFT-10-002}",
      YEAR        = "2010"
}
@ARTICLE{JECpp,
    COLLABORATION = "CMS",
    TITLE =         "Measurement of the Relative Jet Energy Scale in CMS with pp Collisions at sqrt(s) = 7 TeV",
    JOURNAL =       "CMS Analysis Note",
    VOLUME =        "AN2010-139",
    YEAR =          "2010"
}
@ARTICLE{CMS-PAS-JME-10-010,
      AUTHOR      = "{CMS Collaboration}",
      TITLE       = "Determination of Jet Energy Calibration and Transverse Momentum Resolution in CMS",
     JOURNAL      = "JINST",
     VOLUME       = "6",
     YEAR         = "2011",
     pages        = "P11002",
      eprint         = "1107.4277",
      archivePrefix  = "arXiv",
     primaryClass  =  "physics.ins-det",
     doi       = "10.1088/1748-0221/6/11/P11002",
     SLACcitation  = "%%CITATION = 1107.4277;%%"
}

@ARTICLE{HLT,
     COLLABORATION= "CMS",
     TITLE        = "The CMS high level trigger",
     JOURNAL      = "Eur. Phys. J. C",
     VOLUME       = "46",
     YEAR         = "2006",
     PAGES=        "605",
     doi          = "10.1140/epjc/s2006-02495-8",
     eprint    = "hep-ex/0512077",
     archivePrefix = "arXiv"
}

@ARTICLE{UE_paper,
     COLLABORATION= "CMS",
     TITLE        = "Measurement of the underlying event activity at the LHC with $\sqrt{s_{\rm NN}} = 7$ TeV
                     and comparison with $\sqrt{s_{\rm NN}} = 0.9$ TeV",
     JOURNAL      = "JHEP",
     VOLUME       = "09",
     YEAR         = "2011",
     PAGES=        "109",
     eprint    = "1107.0330",
     archivePrefix = "arXiv",
     primaryClass  =  "hep-ex",
     doi       = "10.1007/JHEP09(2011)109"
}

@ARTICLE{Pythia8,
  AUTHOR=       "Sj{\"{o}}strand, T. and Mrenna, S. and Skands, P.",
  TITLE=        "A brief introduction to PYTHIA 8.1",
  JOURNAL=      "Comput. Phys. Commun.",
  VOLUME=       "178",
  PAGES=        "852",
  YEAR=         "2008",
  eprint    = "0710.3820",
  archivePrefix = "arXiv",
  primaryClass  =  "hep-ph",
  doi=          "10.1016/j.cpc.2008.01.036"
}
@ARTICLE{PerugiaTunes,
  AUTHOR=       "Skands, P.",
  TITLE=        "Tuning Monte Carlo generators: The Perugia tunes",
  JOURNAL=      "Phys. Rev. D",
  VOLUME=       "82",
  PAGES=        "074018",
  YEAR=         "2010",
  eprint    = "1005.3457",
  archivePrefix = "arXiv",
  primaryClass  =  "hep-ph",
  doi=          "10.1103/PhysRevD.82.074018"
}

@ARTICLE{JPTJets,
   COLLABORATION={CMS},
     TITLE        = {Jet Plus Tracks Algorithm for Calorimeter Jet Energy Corrections in CMS},
     JOURNAL      = {CMS Physics Analysis Summary},
     VOLUME       = {CMS-PAS-JME-09-002},
     YEAR         = {2009}
}
@ARTICLE{tich1,
  author = {Bogolyubsky, M. Yu. and others},
  title = {Characteristics of the groups of charged particles in $\cmsSymbolFace{p}\bar{\cmsSymbolFace{p}}$,
           pp and K$^{-}$p interactions at 32 GeV/$c$},
  journal = {Phys. Atom. Nucl.},
  year = {1995},
  volume = {58},
  pages = {1877}
}

@ARTICLE{tich2,
  author = {Glasko, V.B.},
  title = {Inverse Problems of Mathematical Physics},
  Journal = {American Institute of Physics translations series},
  year = {1988}}
}
@Article{Seymour:1993mx,
     author    = "Seymour, Michael H.",
     title     = "{Searches for new particles using cone and cluster jet
                  algorithms: a comparative study}",
     journal   = "Z. Phys. C",
     volume    = "62",
     year      = "1994",
     pages     = "127",
     doi       = "10.1007/BF01559532",
     SLACcitation  = "%%CITATION = ZEPYA,C62,127;%%"
}
@article{FatJets,
     author    = "Butterworth, Jonathan M. and others",
      title          = "{Jet Substructure as a New Higgs-Search Channel at the
                        Large Hadron Collider}",
      journal        = "Phys. Rev. Lett.",
      volume         = "100",
      pages          = "242001",
      doi            = "10.1103/PhysRevLett.100.242001",
      year           = "2008",
      eprint         = "0802.2470",
      archivePrefix  = "arXiv",
      primaryClass   = "hep-ph",
}
@article{Kaplan,
  journal = {Phys. Rev. Lett.},
  numpages = {4},
  doi = {10.1103/PhysRevLett.101.142001},
  issue = {14},
  author = "Kaplan, David E. and others",
  title = {Top Tagging: A Method for Identifying Boosted Hadronically Decaying Top Quarks},
  year = {2008},
  url = {http://link.aps.org/doi/10.1103/PhysRevLett.101.142001},
  publisher = {American Physical Society},
  pages = {142001},
  volume = {101},
  eprint    = "0806.0848",
  archivePrefix = "arXiv",
  primaryClass  =  "hep-ph"
}
@article{Pruning,
      author         = "Ellis, Stephen D. and others",
      title          = "{Techniques for improved heavy particle searches with jet
                        substructure}",
      journal        = "Phys. Rev. D",
      volume         = "80",
      pages          = "051501",
      doi            = "10.1103/PhysRevD.80.051501",
      year           = "2009",
      eprint         = "0903.5081",
      archivePrefix  = "arXiv",
      primaryClass   = "hep-ph",
}
%%%Talk presented at the ECFA LHC Workshop, Aachen, Germany, Oct 4-9, 1990.
%%%%Published in Aachen ECFA Workshop 1990:0557-569 (QCD183:L25:1990:V.2)
@Article{Seymour:1997kj,
     author    = "Seymour, M. H.",
     title     = "{Jet shapes in hadron collisions: Higher orders,
                  resummation and hadronization}",
     journal   = "Nucl. Phys. B",
     volume    = "513",
     year      = "1998",
     pages     = "269",
     eprint    = "hep-ph/9707338",
     archivePrefix = "arXiv",
     doi       = "10.1016/S0550-3213(97)00711-6",
     SLACcitation  = "%%CITATION = HEP-PH/9707338;%%"
}
@article{Ellis:1992qq,
  journal = {Phys. Rev. Lett.},
  doi = {10.1103/PhysRevLett.69.3615},
  issue = {25},
  author = {Ellis, Stephen D. and Kunszt, Zoltan and Soper, Davison E.},
  title = {Jets at hadron colliders at order ${\alpha_{s}^{3}}$: A look inside},
  year = {1992},
  url = {http://link.aps.org/doi/10.1103/PhysRevLett.69.3615},
  publisher = {American Physical Society},
  pages = {3615},
  volume = {69}
}

@Article{CTEQ5,
     author    = "Lai, H. L. and others",
 collaboration = "CTEQ",
     title     = "{Global QCD analysis of parton structure of the nucleon:
                  CTEQ5 parton distributions}",
     journal   = "Eur. Phys. J. C",
     volume    = "12",
     year      = "2000",
     pages     = "375",
     eprint    = "hep-ph/9903282",
     archivePrefix = "arXiv",
     doi       = "10.1007/s100529900196",
     SLACcitation  = "%%CITATION = HEP-PH/9903282;%%"
}

@Article{CTEQ6,
     author    = "Pumplin, J. and others",
     title     = "{New Generation of Parton Distributions with Uncertainties
                  from Global QCD Analysis}",
     journal   = "JHEP",
     volume    = "07",
     year      = "2002",
     pages     = "012",
     eprint    = "hep-ph/0201195",
     archivePrefix = "arXiv",
     doi       = "10.1088/1126-6708/2002/07/012",
     SLACcitation  = "%%CITATION = HEP-PH/0201195;%%"
}
@article{MRST2001,
      author         = "Martin, Alan D. and others",
      title          = "{MRST2001: partons and $\alpha_s$ from precise deep
                        inelastic scattering and Tevatron jet data}",
      journal        = "Eur. Phys. J. C",
      volume         = "23",
      pages          = "73",
      doi            = "10.1007/s100520100842",
      year           = "2002",
      eprint         = "hep-ph/0110215",
      archivePrefix  = "arXiv",
      primaryClass   = "hep-ph",
      reportNumber   = "IPPP-01-37, DCPT-01-74, CERN-TH-2001-273,
                        CAVENDISH-HEP-2001-14",
      SLACcitation   = "%%CITATION = HEP-PH/0110215;%%",
}
@Article{Gross:1973id,
     author    = "Gross, D. J. and Wilczek, Frank",
     title     = "{Ultraviolet Behavior of Non-Abelian Gauge Theories}",
     journal   = "Phys. Rev. Lett.",
     volume    = "30",
     year      = "1973",
     pages     = "1343",
     doi       = "10.1103/PhysRevLett.30.1343",
     SLACcitation  = "%%CITATION = PRLTA,30,1343;%%"
}

@Article{Gross:1973ju,
     author    = "Gross, D. J. and Wilczek, Frank",
     title     = "{Asymptotically free gauge theories. I}",
     journal   = "Phys. Rev. D",
     volume    = "8",
     year      = "1973",
     pages     = "3633",
     doi       = "10.1103/PhysRevD.8.3633",
     SLACcitation  = "%%CITATION = PHRVA,D8,3633;%%"
}
@Article{Gross:1974cs,
     author    = "Gross, D. J. and Wilczek, Frank",
     title     = "{Asymptotically free gauge theories. II}",
     journal   = "Phys. Rev. D",
     volume    = "9",
     year      = "1974",
     pages     = "980",
     doi       = "10.1103/PhysRevD.9.980",
     SLACcitation  = "%%CITATION = PHRVA,D9,980;%%"
}

@article{CDFBJetPaper,
      author         = "Aaltonen, T. and others",
      title          = "{Measurement of $\cmsSymbolFace{b}$-jet shapes in inclusive jet
                        production in $\cmsSymbolFace{p}\bar{\cmsSymbolFace{p}}$ collisions at $\sqrt{s_{\rm NN}}=1.96$ TeV}",
      collaboration  = "CDF",
      journal        = "Phys. Rev. D",
      volume         = "78",
      pages          = "072005",
      doi            = "10.1103/PhysRevD.78.072005",
      year           = "2008",
      eprint         = "0806.1699",
      archivePrefix  = "arXiv",
      primaryClass   = "hep-ex"
}
@Article{JETJINST,
     author    = "Chatrchyan, Serguei and others",
 collaboration = "CMS",
     title     = "{Determination of Jet Energy Calibration and Transverse
                  Momentum Resolution in CMS}",
     journal   = "JINST",
     volume    = "6",
     year      = "2011",
     pages     = "P11002",
     eprint    = "1107.4277",
     archivePrefix = "arXiv",
     primaryClass  =  "physics.ins-det",
     doi       = "10.1088/1748-0221/6/11/P11002",
     SLACcitation  = "%%CITATION = 1107.4277;%%"
}


@article{Chatrchyan:2012nia,
author         = "Chatrchyan, Serguei and others",
      title          = "{Jet momentum dependence of jet quenching in PbPb collisions at $\sqrt{s_{\rm NN}}=2.76$ TeV}",
      collaboration  = "CMS",
      journal        = "Phys. Lett. B",
      volume         = "712",
      pages          = "176",
      doi            = "10.1016/j.physletb.2012.04.058",
      year           = "2012",
      eprint         = "1202.5022",
      archivePrefix  = "arXiv",
      primaryClass   = "nucl-ex",
      reportNumber   = "CMS-HIN-11-013, CERN-PH-EP-2012-042",
      SLACcitation   = "%%CITATION = ARXIV:1202.5022;%%",
}


@Article{d'Enterria:2009am,
     author    = "d'Enterria, David",
     title     = "{Jet quenching}",
     journal = {Landolt-Boernstein, Springer-Verlag},
     volume = {Vol. 1-23A},
     pages = {99},
     year      = "2010",
     eprint    = "0902.2011",
     archivePrefix = "arXiv",
     primaryClass  =  "nucl-ex",
     SLACcitation  = "%%CITATION = 0902.2011;%%"
}

@article{Armesto:2006ph,
      author         = "Armesto, Nestor",
      title          = "{Nuclear shadowing}",
      journal        = "J. Phys.",
      volume         = "G32",
      year           = "2006",
      pages          = "R367-R394",
      doi            = "10.1088/0954-3899/32/11/R01",
      eprint         = "hep-ph/0604108",
      archivePrefix  = "arXiv",
      primaryClass   = "hep-ph",
      SLACcitation   = "%%CITATION = HEP-PH/0604108;%%"
}



@article{Vitev,
      author         = "Vitev, Ivan and Wicks, Simon and Zhang, Ben Wei",
      title          = "{A theory of jet shapes and cross sections: from hadrons to nuclei}",
      year           = "2008",
      eprint         = "0810.2807",
      archivePrefix  = "arXiv",
      primaryClass   = "hep-ph",
      doi   = " 10.1088/1126-6708/2008/11/093",
      SLACcitation   = "%%CITATION = ARXIV:0810.2807;%%",
}



@Article{Khachatryan:2010us,
     author = "{CMS Collaboration}",
     title     = "{Transverse-momentum and pseudorapidity distributions of
                  charged hadrons in pp collisions at $\sqrt s$ = 7 TeV}",
     journal   = "Phys. Rev. Lett.",
     volume    = "105",
     year      = "2010",
     pages     = "022002",
     eprint    = "1005.3299",
     archivePrefix = "arXiv",
     primaryClass  =  "hep-ex",
     doi       = "10.1103/PhysRevLett.105.022002",
     SLACcitation  = "%%CITATION = 1005.3299;%%"
}
@Article{AN-10-399,
     collaboration = "CMS",
      title        = "Centrality dependence of dijet energy balance distributions in PbPb collisions at 2.76 TeV",
   JOURNAL =       "CMS Analysis Note",
      VOLUME = "AN-10-399",
      year         = "2009",
}
@Article{AN-11-101,
     collaboration = "CMS",
      title        = "Centrality Dependence of Charged Particle Transverse Momentum Spectra in PbPb Collisions at $\sqrt{_{\rm NN}}$ = 2.76 TeV",
      JOURNAL =       "CMS Analysis Note",
      VOLUME = "AN-11-101",
      year         = "2012",
}



@article{Chatrchyan:2012ta,
      author         = "Chatrchyan, Serguei and others",
      title          = "{Measurement of the elliptic anisotropy of charged
                        particles produced in PbPb collisions at nucleon-nucleon
                        center-of-mass energy = 2.76 TeV}",
      collaboration  = "CMS",
      year           = "2012",
      eprint         = "1204.1409",
      archivePrefix  = "arXiv",
      primaryClass   = "nucl-ex",
      reportNumber   = "CMS-HIN-10-002, CERN-PH-EP-2012-095",
      SLACcitation   = "%%CITATION = ARXIV:1204.1409;%%",
}


@article{Chatrchyan:2012gt,
      author         = "Chatrchyan, Serguei and others",
      title          = "{Studies of jet quenching using isolated-photon+jet
                        correlations in PbPb and pp collisions at
                        $\sqrt{s_{\rm NN}}=2.76$ TeV}",
      collaboration  = "CMS",
      journal        = "Phys. Lett. B",
      volume         = "718",
      pages          = "773",
      doi            = "10.1016/j.physletb.2012.11.003",
      year           = "2013",
      eprint         = "1205.0206",
      archivePrefix  = "arXiv",
      primaryClass   = "nucl-ex",
      reportNumber   = "CMS-HIN-11-010, CERN-PH-EP-2012-089",
      SLACcitation   = "%%CITATION = ARXIV:1205.0206;%%",
}


@article{CMS:2012aa,
      author         = "Chatrchyan, Serguei and others",
      title          = "{Study of high-$p_{\rm T}$ charged particle suppression in PbPb
                        compared to pp collisions at $\sqrt{s_{\rm NN}}$ = 2.76 TeV}",
      collaboration  = "CMS",
      journal        = "Eur. Phys. J. C",
      volume         = "72",
      pages          = "1945",
      doi            = "10.1140/epjc/s10052-012-1945-x",
      year           = "2012",
      eprint         = "1202.2554",
      archivePrefix  = "arXiv",
      primaryClass   = "nucl-ex",
      reportNumber   = "CMS-HIN-10-005, CERN-PH-EP-2012-043",
      SLACcitation   = "%%CITATION = ARXIV:1202.2554;%%",
}

@article{Chatrchyan:2012xq,
      author         = "Chatrchyan, Serguei and others",
      title          = "{Azimuthal anisotropy of charged particles at high
                        transverse momenta in PbPb collisions at sqrt(s[NN]) =
                        2.76 TeV}",
      collaboration  = "CMS",
      year           = "2012",
      eprint         = "1204.1850",
      archivePrefix  = "arXiv",
      primaryClass   = "nucl-ex",
      reportNumber   = "CMS-HIN-11-012, CERN-PH-EP-2012-096",
      SLACcitation   = "%%CITATION = ARXIV:1204.1850;%%",
}

@ARTICLE{HBHENoiseNote,
    COLLABORATION = "CMS",
    TITLE =         "Anomalous HB/HE Noise at Startup: Characteristics and Rejection Algorithms",
    JOURNAL =       "CMS Internal Note",
    VOLUME =        "IN2010-006",
    YEAR =          "2010"
}
@Article{Chatrchyan:2009hy,
 author        = "{CMS}",
     title     = "{Identification and Filtering of Uncharacteristic Noise in
                  the CMS Hadron Calorimeter}",
     journal   = "JINST",
     volume    = "5",
     year      = "2010",
     pages     = "T03014",
     eprint    = "0911.4881",
     archivePrefix = "arXiv",
     primaryClass  =  "physics.ins-det",
     doi       = "10.1088/1748-0221/5/03/T03014",
     SLACcitation  = "%%CITATION = 0911.4881;%%"
}

@article{Gyulassy:2003mc,
      author         = "Gyulassy, Miklos and Vitev, Ivan and Wang, Xin-Nian and
                        Zhang, Ben-Wei",
      title          = "{Jet quenching and radiative energy loss in dense nuclear
                        matter}",
      year           = "2003",
      eprint         = "nucl-th/0302077",
      archivePrefix  = "arXiv",
      primaryClass   = "nucl-th",
      SLACcitation   = "%%CITATION = NUCL-TH/0302077;%%",
}
@article{Gyulassy:1990ye,
      author         = "Gyulassy, Miklos and Plumer, Michael",
      title          = "{JET QUENCHING IN DENSE MATTER}",
      journal        = "Phys. Lett. B",
      volume         = "243",
      pages          = "432-438",
      doi            = "10.1016/0370-2693(90)91409-5",
      year           = "1990",
      reportNumber   = "LBL-28531",
      SLACcitation   = "%%CITATION = PHLTA,B243,432;%%",
}
@article{Wang:1991vs,
      author         = "Wang, Xin-Nian and Gyulassy, Miklos",
      title          = "{Gluon shadowing and jet quenching in relativistic heavy
                        ion collisions}",
      journal        = "Nucl.Phys.",
      volume         = "A 544",
      pages          = "559-564",
      doi            = "10.1016/0375-9474(92)90618-T",
      year           = "1992",
      reportNumber   = "DUKE-TH-91-27, C91-11-11",
      SLACcitation   = "%%CITATION = NUPHA,A544,559;%%",
}
@article{Wiedemann:2009sh,
      author         = "Wiedemann, Urs Achim",
      title          = "{Jet Quenching in Heavy Ion Collisions}",
      year           = "2009",
      eprint         = "0908.2306",
      archivePrefix  = "arXiv",
      primaryClass   = "hep-ph",
      reportNumber   = "CERN-PH-TH-2009-026",
      SLACcitation   = "%%CITATION = ARXIV:0908.2306;%%",
}
@article{Adams:2003im,
      author         = "Adams, J. and others",
      title          = "{Evidence from d+Au measurements for final state
                        suppression of high p(T) hadrons in Au+Au collisions at
                        RHIC}",
      collaboration  = "STAR",
      journal        = "Phys. Rev. Lett.",
      volume         = "91",
      pages          = "072304",
      year           = "2003",
      eprint         = "nucl-ex/0306024",
      archivePrefix  = "arXiv",
      primaryClass   = "nucl-ex",
      SLACcitation   = "%%CITATION = NUCL-EX/0306024;%%",
}
@article{Adams:2006yt,
      author         = "Adams, J. and others",
      title          = "{Direct observation of dijets in central Au+Au collisions
                        at  $\sqrt{s_{\rm NN}}$ = 200 GeV}",
      collaboration  = "STAR",
      journal        = "Phys. Rev. Lett.",
      volume         = "97",
      pages          = "162301",
      year           = "2006",
      doi            = "10.1103/PhysRevLett.97.162301",
      eprint         = "nucl-ex/0604018",
      archivePrefix  = "arXiv",
      primaryClass   = "nucl-ex",
      SLACcitation   = "%%CITATION = NUCL-EX/0604018;%%",
}
@article{Adler:2006hu,
      author         = "Adler, S.S. and others",
      title          = "{Common suppression pattern of eta and pi0 mesons at high
                        transverse momentum in Au+Au collisions at S(NN)**(1/2) =
                        200 GeV}",
      collaboration  = "PHENIX",
      journal        = "Phys. Rev. Lett.",
      volume         = "96",
      pages          = "202301",
      year           = "2006",
      eprint         = "nucl-ex/0601037",
      archivePrefix  = "arXiv",
      primaryClass   = "nucl-ex",
      SLACcitation   = "%%CITATION = NUCL-EX/0601037;%%",
}

@unpublished{AN-15-187,
  AUTHOR = "CMS Internal",
   COLLABORATION = "CMS",
   TITLE        = "Study of high-$p_{\rm T}$ charged particle suppression in PbPb compared to pp collisions at 5.02 TeV",
     JOURNAL      = "CMS Analysis Note",
     VOLUME       = "CMS-AN-2015-187",
     YEAR         = "2016"
}



@ARTICLE{tracking_algo,
     COLLABORATION= "CMS",
     TITLE        = "Track reconstruction in the CMS tracker",
     JOURNAL      = "CMS AN-Note",
     VOLUME       = "CMS-AN-2006-041",
     YEAR         = "2006"

}

@ARTICLE{tracking_performance,
     COLLABORATION= "CMS",
     TITLE        = "CMS tracking performance results from early LHC operation",
     JOURNAL      = "Eur. Phys. J. C",
     VOLUME       = "70",
pages = "1165",
     YEAR         = "2010"

}

@ARTICLE{HIN-10-002_tracking,
     COLLABORATION= "CMS",
     TITLE        = "Azimuthal correlations of charged hadrons in PbPb collisions at 2.76 TeV",
     JOURNAL      = "CMS PAS",
     VOLUME       = "HIN-10-002",
     YEAR         = "2010"

}


@article{dEnterria:2003xac,
      author         = "d'Enterria, David G.",
      title          = "{Hard scattering cross-sections at LHC in the Glauber
                        approach: From pp to pA and AA collisions}",
      year           = "2003",
      eprint         = "nucl-ex/0302016",
      archivePrefix  = "arXiv",
      primaryClass   = "nucl-ex",
      SLACcitation   = "%%CITATION = NUCL-EX/0302016;%%"
}


@article{Gyulassy:1985,
title = "Introduction to QCD thermodynamics and the quark-gluon plasma",
journal = "Progress in Particle and Nuclear Physics",
volume = "15",
number = "",
pages = "403 - 442",
year = "1985",
note = "",
issn = "0146-6410",
doi = "http://dx.doi.org/10.1016/0146-6410(85)90076-6",
url = "http://www.sciencedirect.com/science/article/pii/0146641085900766",
author = "Miklos Gyulassy",
keywords = "QCD",
keywords = "Thermodynamics",
keywords = "Perturbation Theory",
keywords = "Lattice Theory",
keywords = "Quark-Gluon Plasma"
}

@article{Sarkar:2010zza,
      author         = "Sarkar, Sourav and Satz, Helmut and Sinha, Bikash",
      title          = "{The physics of the quark-gluon plasma}",
      journal        = "Lect. Notes Phys.",
      volume         = "785",
      year           = "2010",
      pages          = "pp.1-369",
      doi            = "10.1007/978-3-642-02286-9",
      SLACcitation   = "%%CITATION = LNPHA,785,pp.1;%%"
}



@article{Bethke:2012jm,
      author         = "Bethke, Siegfried",
      title          = "{World Summary of $\alpha_s$ (2012)}",
      booktitle      = "{Proceedings, 16th International Conference on Quantum
                        Chromodynamics (QCD 12): Montpellier, France, July 2-7,
                        2012}",
      year           = "2012",
      doi            = "10.1016/j.nuclphysbps.2012.12.020",
      note           = "[Nucl. Phys. Proc. Suppl.234,229(2013)]",
      eprint         = "1210.0325",
      archivePrefix  = "arXiv",
      primaryClass   = "hep-ex",
      reportNumber   = "MPP-2012-132",
      SLACcitation   = "%%CITATION = ARXIV:1210.0325;%%"
}


@article{Khachatryan:2016jfl,
      author         = "Khachatryan, Vardan and others",
      title          = "{Measurement of inclusive jet cross-sections in pp and
                        PbPb collisions at $\sqrt{s_{NN}}$=2.76 TeV}",
      collaboration  = "CMS",
      journal        = "Phys. Rev. C",
      year           = "2016",
      doi            = "10.1103/PhysRevC.96.015202",
      eprint         = "1609.05383",
      archivePrefix  = "arXiv",
      primaryClass   = "nucl-ex",
      reportNumber   = "CMS-HIN-13-005, CERN-EP-2016-217",
      SLACcitation   = "%%CITATION = ARXIV:1609.05383;%%"
}


@article{Stephanov:2007fk,
      author         = "Stephanov, M. A.",
      title          = "{QCD phase diagram: An Overview}",
      booktitle      = "{Proceedings, 24th International Symposium on Lattice
                        Field Theory (Lattice 2006): Tucson, USA, July 23-28,
                        2006}",
      journal        = "PoS",
      volume         = "LAT2006",
      year           = "2006",
      pages          = "024",
      eprint         = "hep-lat/0701002",
      archivePrefix  = "arXiv",
      primaryClass   = "hep-lat",
      SLACcitation   = "%%CITATION = HEP-LAT/0701002;%%"
}




@article{CMS:ppJetShape,
 COLLABORATION= "CMS",
      title          = "{Shape, transverse size, and charged hadron multiplicity of jets in pp collisions at 7 TeV}",
      year           = "2012",
      eprint         = "hep-ex/1204.3170",
      archivePrefix  = "arXiv",
      primaryClass   = "hep-ex"
}
@TECHREPORT{AN-11-435,
       AUTHOR      = "{Ivan Amos Cali, Yongsun Kim, Pelin Kurt, Yue Shi Lai, Yen-Jie Lee, Ying Lu, Frank Ma, Pawan Kumar Netrakanti, Matthew Nguyen, Jorge Robles, Dragos Velicanu, Yetkin Yilmaz, Andre Yoon, Dipanwita Dutta, Christof Roland, Gunther Roland, Sevil Salur, George Stephans, and Marguerite Tonjes}",
       COLLABORATION = {CMS},
       institution = "CMS",
       TITLE       = "Gamma-jet correlation studies in PbPb collisions",
       TYPE     = "CMS Analysis Note",
       NUMBER      = "AN-11-435",
       YEAR        = "2012"
}
@TECHREPORT{AN-11-478,
       AUTHOR      = "{CMS Heavy Ion}",
       COLLABORATION = {CMS},
       institution = "CMS",
       TITLE       = "Energy loss in high transverse momentum dijets in PbPb collisions at nucleon-nucleon center-of-mass energy = 2.76 TeV",
       TYPE     = "CMS Analysis Note",
       NUMBER      = "AN-11-478",
       YEAR        = "2012"
}


@TECHREPORT{AN-11-121,
       AUTHOR      = "{Christof Roland, Frank Ma, Andre Yoon, Matthew Nguyen, Yetkin Yilmaz, Edward Wenger, Gunther Roland, Marguerite Belt Tonjes, Yen-Jie Lee, Sevil Salur, Yongsun Kim}",
       COLLABORATION = {CMS},
       institution = "CMS",
       TITLE       = "Measurement of jet fragmentation functions in central PbPb collisions at 2.76 TeV",
       TYPE     = "CMS Analysis Note",
       NUMBER      = "AN-11-121",
       YEAR        = "2012"
}



@article{Chatrchyan:2012gw,
      author         = "Chatrchyan, Serguei and others",
      title          = "{Measurement of jet fragmentation into charged particles
                        in pp and PbPb collisions at $\sqrt{s_{\rm NN}}=2.76$ TeV}",
      collaboration  = "CMS",
      journal        = "JHEP",
      volume         = "10",
      pages          = "087",
      doi            = "10.1007/JHEP10(2012)087",
      year           = "2012",
      eprint         = "1205.5872",
      archivePrefix  = "arXiv",
      primaryClass   = "nucl-ex",
      reportNumber   = "CMS-HIN-11-004, CERN-PH-EP-2012-143",
      SLACcitation   = "%%CITATION = ARXIV:1205.5872;%%",
}



@TECHREPORT{DijetAN,
     author    = "{CMS}",
            institution = "CMS",
     title     = "Centrality dependence of dijet energy balance distributions in PbPb collisions at 2.76 TeV",
     type   = "CMS Analysis Note",
     number        = "CMS-AN-10-399",
     year      = "2011"
}

@TECHREPORT{JetRAA,
     author    = "{CMS}",
            institution = "CMS",
     title     = "Nuclear modification factor of jets at high $p_{\rm T}$ in PbPb collisions at $\sqrt{s_{\rm NN}}$ = 2.76 TeV",
     type   = "CMS Analysis Note",
     number        = "CMS-AN-12-393",
     year      = "2012"
}

@article{PhysRevLett.65.968,
  title = {Jet-fragmentation properties in $p\bar{p}$ collisions at $\sqrt{s_{\rm NN}}=1.8$ TeV},
  doi = {10.1103/PhysRevLett.65.968},
  author = {Abe, F.  and others },
  year = {1990},
  issue = {8},
  url = {http://link.aps.org/doi/10.1103/PhysRevLett.65.968},
  journal = {Phys. Rev. Lett.},
  publisher = {American Physical Society},
  pages = {968},
  volume = {65}
}

@Article{PhysRevD.64.032001,
  author = {Affolder, T.  and others },
  collaboration = { CDF },
  title = {Measurement of the inclusive jet cross section in $p\bar{p}$ collisions at $\sqrt{s_{\rm NN}}=1.8$ TeV},
  journal = {Phys. Rev. D},
  volume = {64},
  pages = {032001},
  numpages = {38},
  year = {2001},
  doi = {10.1103/PhysRevD.64.032001},
  publisher = {American Physical Society}
}

%% BELOW ADDED by Yetkin July 20 17:04 GVA



%
% standard article
%
@Article{PTDR2,
     author    = "{CMS Collaboration}",
     title     = "{CMS} technical design report, volume {II}: {Physics}
                  performance",
     journal   = "J. Phys. G",
     volume    = "34",
     year      = "2007",
     pages     = "995-1579",
     doi       = "10.1088/0954-3899/34/6/S01",
     SLACcitation  = "%%CITATION = JPHGB,G34,995;%%"
}
% PAS are now TECHREPORTS. Same for Notes.
@TECHREPORT{CMS-PAS-JME-10-003,
      AUTHOR      = "{CMS Collaboration}",
      COLLABORATION = {CMS},
      TITLE       = "Jet Performance in pp Collisions at $\sqrt{s_{\rm NN}}$=7 {TeV}",
      URL         = "http://cdsweb.cern.ch/record/1279362",
      TYPE     = "CMS Physics Analysis Summary",
      NUMBER      = "CMS-PAS-JME-10-003",
      YEAR        = "2010"
}
%SPIRES had this one as R. Adolphi, et. al. Wrong.
@Article{bib_CMS,
     author    = "Chatrchyan, S. and others",
     collaboration = "CMS",
     title     = "The {CMS} experiment at the {CERN} {LHC}",
     journal   = "JINST",
     volume    = "03",
     year      = "2008",
     pages     = "S08004",
     doi       = "10.1088/1748-0221/3/08/S08004",
     SLACcitation  = "%%CITATION = JINST,3,S08004;%%"
}
%
% An example of a document which only appears on arXiv
%
@UNPUBLISHED{LEPewkfits,
     author = "{ALEPH, CDF, D0, DELPHI, L3, OPAL, SLD Collaborations,
                                    the LEP Electroweak Working Group, the Tevatron Electroweak Working Group, and the SLD Electroweak and Heavy Flavour Groups}",
     title     = "Precision electroweak measurements and constraints on
the {Standard Model}",
     URL       = "http://lepewwg.web.cern.ch/LEPEWWG",
     eprint    = "1012.2367",
     archivePrefix = "arXiv",
     primaryClass  =  "hep-ex",
     year  = "2010",
     SLACcitation  = "%%CITATION = 1012.2367;%%"
}
%
% A document hosted on a laboratory server
%
@TECHREPORT{Bertram:2000br,
  author = " Bertram, I. and Landsberg, G. and Linnemann, J. and Partridge, R. and Paterno, M. and Prosper, H.B.",
  title =  "A Recipe for the construction of confidence limits",
  institution = "Fermilab",
  number     = "{TM-2104}",
  url = "http://lss.fnal.gov/archive/test-tm/2000/fermilab-tm-2104.pdf",
  year = "2000"
 }
%
% A CMS paper submitted but not yet accepted; The SLACcitation is not necessary. This one is now accepted rather than submitted, however.
%
@Unpublished{Khachatryan:2010mp,
     author    = "{CMS Collaboration}",
     collaboration = "CMS",
     title     = "Search for Pair Production of First-Generation Scalar Leptoquarks in pp Collisions at $\sqrt{s_{\rm NN}} = 7$ {TeV}",
     note  = "Submitted to \textit{Phys. Rev. Lett.}",
     eprint    = "1012.4031",
     archivePrefix = "arXiv",
     primaryClass  =  "hep-ex",
     year = "2010",
     SLACcitation  = "%%CITATION = 1012.4031;%%"
}
@INPROCEEDINGS{RooStats,
  AUTHOR       = "Moneta, L. and Belasco, K. and  Cranmer, K.S. and Lazzaro, A. and Piparo, D. and Schott, G. and Verkerke, W. and Wolf, M. ",
  TITLE        = "The {R}oo{S}tats {P}roject",
  BOOKTITLE = "13$^\text{th}$ International Workshop on Advanced Computing and Analysis Techniques in Physics Research (ACAT2010)",
  YEAR         = "2010",
  PUBLISHER = "SISSA",
  NOTE = "{PoS(ACAT2010)057}",
  URL          = "http://pos.sissa.it/archive/conferences/093/057/ACAT2010_057.pdf",
  eprint = "1009.1003",
  primaryClass = "physics.data-an"
}




@ARTICLE{CMS_NOTE_2006-106,
     AUTHOR       = "Aldaya, M. and Arce, P. and Caballero, J. and de la Cruz, B. and Garcia-Abia, P. and Hernandez, J.M. and Josa, M.I. and Ruiz, E.",
     TITLE        = "Discovery potential and search strategy for the Standard Model Higgs boson in the $H\to ZZ^\star\to 4\mu$ decay channel using a mass-independent analysis",
     JOURNAL      = "CMS Note",
     VOLUME       = "\href{http://cms.cern.ch/iCMS/jsp/openfile.jsp?type=NOTE&year=2006&files=NOTE2006_106.pdf}{2006/106}",
     YEAR         = "2006"}
@Article{Brandt:1997gi,
     author    = "Brandt, A. and others",
 collaboration = "UA8",
     title     = "Measurements of single diffraction at $\sqrt{s_{\rm NN}} =$ 630 GeV:
                  Evidence for  a non-linear $\alpha(t)$ of the pomeron",
     journal   = "Nucl. Phys. B",
     volume    = "514",
     year      = "1998",
     pages     = "3",
     SLACcitation  = "%%CITATION = HEP-EX 9710004;%%",
     doi       = "10.1016/S0550-3213(97)00813-4"
}
@ARTICLE{Buchmuller:1986zs,
     AUTHOR       = "Buchm{\"u}ller, W. and Wyler, D.",
     TITLE        = "Constraints on SU(5)-type leptoquarks",
     JOURNAL      = "Phys. Lett. B",
     VOLUME       = "177",
     YEAR         = "1986",
     pages        = "377",
     SLACcitation  = "%%CITATION = PHLTA,B191,442;%%",
    doi          = "10.1016/0370-2693(86)90771-9"}

@InProceedings{Karsch:2003jg,
     author    = "Karsch, F. and Laermann, E.",
     title     = "{Thermodynamics and in-medium hadron properties from
                  lattice QCD}",
     year      = "2003",
     booktitle  = "Quark-Gluon Plasma III",
     editor    = "Hwa, R.",
     eprint    = "hep-lat/0305025",
     archivePrefix = "arXiv",
     SLACcitation  = "%%CITATION = HEP-LAT/0305025;%%",
     pages="1-59",
     address = {Hackensack, USA}
}

@Article{Shuryak:1977ut,
     author    = "Shuryak, Edward V.",
     title     = "{Theory of Hadronic Plasma}",
     journal   = "Sov. Phys. JETP",
     volume    = "47",
     year      = "1978",
     pages     = "212",
     SLACcitation  = "%%CITATION = SPHJA,47,212;%%"
}

@Article{Collins:1974ky,
     author    = "Collins, John C. and Perry, M. J.",
     title     = "{Superdense Matter: Neutrons Or Asymptotically Free
                  Quarks?}",
     journal   = "Phys. Rev. Lett.",
     volume    = "34",
     year      = "1975",
     pages     = "1353",
     doi       = "10.1103/PhysRevLett.34.1353",
     SLACcitation  = "%%CITATION = PRLTA,34,1353;%%"
}

@Article{Cabibbo:1975ig,
     author    = "Cabibbo, N. and Parisi, G.",
     title     = "{Exponential Hadronic Spectrum and Quark Liberation}",
     journal   = "Phys. Lett. B",
     volume    = "59",
     year      = "1975",
     pages     = "67",
     doi       = "10.1016/0370-2693(75)90158-6",
     SLACcitation  = "%%CITATION = PHLTA,B59,67;%%"
}

@Article{Freedman:1976ub,
     author    = "Freedman, Barry A. and McLerran, Larry D.",
     title     = "{Fermions and Gauge Vector Mesons at Finite Temperature and
                  Density. 3. The Ground State Energy of a Relativistic Quark
                  Gas}",
     journal   = "Phys. Rev. D",
     volume    = "16",
     year      = "1977",
     pages     = "1169",
     doi       = "10.1103/PhysRevD.16.1169",
     SLACcitation  = "%%CITATION = PHRVA,D16,1169;%%"
}

@Unpublished{Bjorken:1982tu,
        title = {Energy loss of energetic partons in {QGP}: possible extinction of high $p_{\rm T}$ jets in hadron-hadron collisions},
        author = {Bjorken, J. D.},
        year = {1982},
    note = {FERMILAB-PUB-82-059-THY},
    url = "http://lss.fnal.gov/archive/preprint/fermilab-pub-82-059-t.shtml"
}

@Article{Appel:1985dq,
author = "Appel, David A.",
title = "{Jets as a probe of quark-gluon plasmas}",
journal = "Phys. Rev. D",
volume = "33",
year = "1986",
pages = "717",
doi = "10.1103/PhysRevD.33.717",
SLACcitation = "%%CITATION = PHRVA,D33,717;%%"
}

@Article{Blaizot:1986ma,
author = "Blaizot, J. P. and McLerran, Larry D.",
title = "{Jets in Expanding Quark - Gluon Plasmas}",
journal = "Phys. Rev. D",
volume = "34",
year = "1986",
pages = "2739",
doi = "10.1103/PhysRevD.34.2739",
SLACcitation = "%%CITATION = PHRVA,D34,2739;%%"
}

@Article{Qiu:2003pm,
author = "Qiu, Jian-Wei and Vitev, Ivan",
title = "{Transverse momentum diffusion and broadening of the back-
to-back di-hadron correlation function}",
journal = "Phys. Lett. B",
volume = "570",
year = "2003",
pages = "161",
eprint = "nucl-th/0306039",
archivePrefix = "arXiv",
doi = "10.1016/j.physletb.2003.08.009",
SLACcitation = "%%CITATION = NUCL-TH/0306039;%%"
}

@article{Chien:2014nsa,
      author         = "Chien, Yang-Ting and Vitev, Ivan",
      title          = "{Jet Shape Resummation Using Soft-Collinear Effective
                        Theory}",
      journal        = "JHEP",
      volume         = "12",
      year           = "2014",
      pages          = "061",
      doi            = "10.1007/JHEP12(2014)061",
      eprint         = "1405.4293",
      archivePrefix  = "arXiv",
      primaryClass   = "hep-ph",
      SLACcitation   = "%%CITATION = ARXIV:1405.4293;%%"
}

@article{Chien:2015hda,
      author         = "Chien, Yang-Ting and Vitev, Ivan",
      title          = "{Towards the understanding of jet shapes and cross
                        sections in heavy ion collisions using soft-collinear
                        effective theory}",
      journal        = "JHEP",
      volume         = "05",
      year           = "2016",
      pages          = "023",
      doi            = "10.1007/JHEP05(2016)023",
      eprint         = "1509.07257",
      archivePrefix  = "arXiv",
      primaryClass   = "hep-ph",
      SLACcitation   = "%%CITATION = ARXIV:1509.07257;%%"
}

@incollection{Gubser:2009sn,
      author         = "Gubser, Steven S. and Pufu, Silviu S. and Rocha, Fabio D.
                        and Yarom, Amos",
      title          = "{Energy loss in a strongly coupled thermal medium and the
                        gauge-string duality}",
      editor         = "Hwa, Rudolph C. and Wang, Xin-Nian",
      booktitle      = "Quark-gluon plasma 4",
      year           = "2010",
      url            = "https://inspirehep.net/record/814044/files/arXiv:0902.4041.pdf",
      pages          = "1-59",
      doi            = "10.1142/9789814293297_0001",
      eprint         = "0902.4041",
      archivePrefix  = "arXiv",
      primaryClass   = "hep-th",
      reportNumber   = "PUPT-2291",
      SLACcitation   = "%%CITATION = ARXIV:0902.4041;%%"
}

@article{Gubser:2009md,
      author         = "Gubser, Steven S. and Karch, Andreas",
      title          = "{From gauge-string duality to strong interactions: A
                        Pedestrian's Guide}",
      journal        = "Ann. Rev. Nucl. Part. Sci.",
      volume         = "59",
      year           = "2009",
      pages          = "145-168",
      doi            = "10.1146/annurev.nucl.010909.083602",
      eprint         = "0901.0935",
      archivePrefix  = "arXiv",
      primaryClass   = "hep-th",
      SLACcitation   = "%%CITATION = ARXIV:0901.0935;%%"
}

@article{CasalderreySolana:2011us,
      author         = "Casalderrey-Solana, Jorge and Liu, Hong and Mateos, David
                        and Rajagopal, Krishna and Wiedemann, Urs Achim",
      title          = "{Gauge/String Duality, Hot QCD and Heavy Ion Collisions}",
      year           = "2011",
      doi            = "10.1017/CBO9781139136747",
      eprint         = "1101.0618",
      archivePrefix  = "arXiv",
      primaryClass   = "hep-th",
      reportNumber   = "CERN-PH-TH-2010-316, MIT-CTP-4198, ICCUB-10-202",
      SLACcitation   = "%%CITATION = ARXIV:1101.0618;%%"
}


@article{Casalderrey-Solana:2016jvj,
      author         = "Casalderrey-Solana, Jorge and Gulhan, Doga and Milhano,
                        Guilherme and Pablos, Daniel and Rajagopal, Krishna",
      title          = "{Angular Structure of Jet Quenching Within a Hybrid
                        Strong/Weak Coupling Model}",
      journal        = "JHEP",
      volume         = "03",
      year           = "2017",
      pages          = "135",
      doi            = "10.1007/JHEP03(2017)135",
      eprint         = "1609.05842",
      archivePrefix  = "arXiv",
      primaryClass   = "hep-ph",
      reportNumber   = "ICCUB-16-033, CERN-TH-2016-201, MIT-CTP-4830",
      SLACcitation   = "%%CITATION = ARXIV:1609.05842;%%"
}




@article{Rothstein:2016bsq,
      author         = "Rothstein, Ira Z. and Stewart, Iain W.",
      title          = "{An Effective Field Theory for Forward Scattering and
                        Factorization Violation}",
      journal        = "JHEP",
      volume         = "08",
      year           = "2016",
      pages          = "025",
      doi            = "10.1007/JHEP08(2016)025",
      eprint         = "1601.04695",
      archivePrefix  = "arXiv",
      primaryClass   = "hep-ph",
      reportNumber   = "MIT-CTP-4655",
      SLACcitation   = "%%CITATION = ARXIV:1601.04695;%%"
}

    
@Inbook{dEnterria:2009am,
     author    = "d'Enterria, David",
     chapter   = "6.4",
     title     = "Jet quenching",
     series = {Springer Materials - The Landolt-B{\"or}nstein Database},
     volume  = {23: Relativistic Heavy Ion Physics},
     publisher = "Springer-Verlag",
     year  = "2010",
     doi = "10.1007/978-3-642-01539-7_16",
     eprint    = "0902.2011",
     archivePrefix = "arXiv",
     primaryClass  =  "nucl-ex",
     SLACcitation  = "%%CITATION = 0902.2011;%%"
}

@Article{CasalderreySolana:2007zz,
     author    = "Casalderrey-Solana, Jorge and Salgado, Carlos A.",
     title     = "{Introductory lectures on jet quenching in heavy ion
                  collisions}",
     journal   = "Acta Phys. Polon. B",
     volume    = "38",
     year      = "2007",
     pages     = "3731",
     eprint    = "0712.3443",
     archivePrefix = "arXiv",
     primaryClass  =  "hep-ph",
     SLACcitation  = "%%CITATION = 0712.3443;%%"
}

@Article{Adcox:2004mh,
     author    = "Adcox, K. and others",
 collaboration = "PHENIX",
     title     = "{Formation of dense partonic matter in relativistic nucleus
                  nucleus  collisions at RHIC: Experimental evaluation by the
                  PHENIX  collaboration}",
     journal   = "Nucl. Phys. A",
     volume    = "757",
     year      = "2005",
     pages     = "184",
     eprint    = "nucl-ex/0410003",
     archivePrefix = "arXiv",
     doi       = "10.1016/j.nuclphysa.2005.03.086",
     SLACcitation  = "%%CITATION = NUCL-EX/0410003;%%"
}
@Article{Adams:2005dq,
     author    = "Adams, John and others",
 collaboration = "STAR",
     title     = "{Experimental and theoretical challenges in the search for
                  the quark  gluon plasma: The STAR collaboration's critical
                  assessment of the  evidence from RHIC collisions}",
     journal   = "Nucl. Phys. A",
     volume    = "757",
     year      = "2005",
     pages     = "102",
     eprint    = "nucl-ex/0501009",
     archivePrefix = "arXiv",
     doi       = "10.1016/j.nuclphysa.2005.03.085",
     SLACcitation  = "%%CITATION = NUCL-EX/0501009;%%"
}
@Article{Back:2004je,
     author    = "Back, B. B. and others",
      collaboration = "PHOBOS",
     title     = "{The PHOBOS perspective on discoveries at RHIC}",
     journal   = "Nucl. Phys. A",
     volume    = "757",
     year      = "2005",
     pages     = "28",
     eprint    = "nucl-ex/0410022",
     archivePrefix = "arXiv",
     doi       = "10.1016/j.nuclphysa.2005.03.084",
     SLACcitation  = "%%CITATION = NUCL-EX/0410022;%%"
}

@Article{Arsene:2004fa,
     author    = "Arsene, I. and others",
 collaboration = "BRAHMS",
     title     = "{Quark-gluon plasma and color glass condensate at RHIC? The
                  perspective from the BRAHMS experiment}",
     journal   = "Nucl. Phys. A",
     volume    = "757",
     year      = "2005",
     pages     = "1",
     eprint    = "nucl-ex/0410020",
     archivePrefix = "arXiv",
     doi       = "10.1016/j.nuclphysa.2005.02.130",
     SLACcitation  = "%%CITATION = NUCL-EX/0410020;%%"
}

@Article{Putschke:2008wn,
     author    = "Putschke, Jorn",
 collaboration = "STAR",
     title     = "{First fragmentation function measurements from full jet
                  reconstruction in heavy-ion collisions at $\sqrt{s_{_{\rm
                  NN}}}=200$ GeV by STAR}",
     journal   = "Eur. Phys. J. C",
     volume    = "61",
     year      = "2009",
     pages     = "629",
     eprint    = "0809.1419",
     archivePrefix = "arXiv",
     primaryClass  =  "nucl-ex",
     doi       = "10.1140/epjc/s10052-009-0904-7",
     SLACcitation  = "%%CITATION = 0809.1419;%%"
}

@Article{Salur:2008vm,
     author    = "Salur, Sevil",
 collaboration = "STAR",
     title     = "{A Short Review on Jet Identification}",
     journal   = "Eur. Phys. J. C",
     volume    = "62",
     year      = "2009",
     pages     = "119",
     eprint    = "0810.0500",
     archivePrefix = "arXiv",
     primaryClass  =  "nucl-ex",
     doi       = "10.1140/epjc/s10052-009-0893-6",
     SLACcitation  = "%%CITATION = 0810.0500;%%"
}




@Article{Salur:2008hs,
     author    = "Salur, Sevil",
 collaboration = "STAR",
     title     = "{First Direct Measurement of Jets in $\sqrt{s_{\rm NN}}=200$
                  GeV Heavy Ion Collisions by STAR}",
     journal   = "Eur. Phys. J. C",
     volume    = "61",
     year      = "2009",
     pages     = "761",
     eprint    = "0809.1609",
     archivePrefix = "arXiv",
     primaryClass  =  "nucl-ex",
     doi       = "10.1140/epjc/s10052-009-0880-y",
     SLACcitation  = "%%CITATION = 0809.1609;%%"
}

@Article{Bruna:2009em,
      author         = "Bruna, Elena",
      title          = "{Measurements of jet structure and fragmentation from
                        full jet reconstruction in heavy ion collisions at RHIC}",
      collaboration  = "STAR",
      journal        = "Nucl. Phys. A",
      volume         = "830",
      pages          = "267C",
      doi            = "10.1016/j.nuclphysa.2009.10.097",
      year           = "2009",
      eprint         = "0907.4788",
      archivePrefix  = "arXiv",
      primaryClass   = "nucl-ex",
}

@Article{Ploskon:2009zd,
     author    = "Ploskon, Mateusz",
 collaboration = "STAR",
     title     = "{Inclusive cross section and correlations of fully
                  reconstructed jets in 200 GeV Au+Au and p+p collisions}",
     journal   = "Nucl. Phys. A",
     volume    = "830",
     year      = "2009",
     pages     = "255C",
     eprint    = "0908.1799",
     archivePrefix = "arXiv",
     primaryClass  =  "nucl-ex",
     doi       = "10.1016/j.nuclphysa.2009.10.095",
     SLACcitation  = "%%CITATION = 0908.1799;%%"
}

@article{Shuryak:1980tp,
      author         = "Shuryak, Edward V.",
      title          = "{Quantum Chromodynamics and the Theory of Superdense
                        Matter}",
      journal        = "Phys. Rept.",
      volume         = "61",
      year           = "1980",
      pages          = "71-158",
      doi            = "10.1016/0370-1573(80)90105-2",
      SLACcitation   = "%%CITATION = PRPLC,61,71;%%"
}

@ARTICLE{Kalashnikov:1979,
   author = {{Kalashnikov}, O.~K. and {Klimov}, V.~V.},
    title = "{Phase transition in the quark-gluon plasma}",
  journal = {Physics Letters B},
     year = 1979,
    month = dec,
   volume = 88,
    pages = {328-330},
      doi = {10.1016/0370-2693(79)90479-9},
   adsurl = {http://adsabs.harvard.edu/abs/1979PhLB...88..328K},
  adsnote = {Provided by the SAO/NASA Astrophysics Data System}
}



@article{Bjorken:1983,
  title = {Highly relativistic nucleus-nucleus collisions: The central rapidity region},
  author = {Bjorken, J. D.},
  journal = {Phys. Rev. D},
  volume = {27},
  issue = {1},
  pages = {140--151},
  numpages = {0},
  year = {1983},
  month = {Jan},
  publisher = {American Physical Society},
  doi = {10.1103/PhysRevD.27.140},
  url = {https://link.aps.org/doi/10.1103/PhysRevD.27.140}
}

@article{Heinz:2000bk,
      author         = "Heinz, Ulrich W. and Jacob, Maurice",
      title          = "{Evidence for a new state of matter: An Assessment of the
                        results from the CERN lead beam program}",
      year           = "2000",
      eprint         = "nucl-th/0002042",
      archivePrefix  = "arXiv",
      primaryClass   = "nucl-th",
      SLACcitation   = "%%CITATION = NUCL-TH/0002042;%%"
}




  	
@article{SketchUp,
  author={Tai Sakuma and Thomas McCauley},
  title={Detector and Event Visualization with SketchUp at the CMS Experiment},
  journal={Journal of Physics: Conference Series},
  volume={513},
  number={2},
  pages={022032},
  url={http://stacks.iop.org/1742-6596/513/i=2/a=022032},
  year={2014},
}



@article{Khachatryan:2016odn,
      author         = "Khachatryan, Vardan and others",
      title          = "{Charged-particle nuclear modification factors in PbPb
                        and pPb collisions at $
                        \sqrt{s_{\mathrm{N}\;\mathrm{N}}}=5.02 $ TeV}",
      collaboration  = "CMS",
      journal        = "JHEP",
      volume         = "04",
      year           = "2017",
      pages          = "039",
      doi            = "10.1007/JHEP04(2017)039",
      eprint         = "1611.01664",
      archivePrefix  = "arXiv",
      primaryClass   = "nucl-ex",
      reportNumber   = "CMS-HIN-15-015, CERN-EP-2016-242",
      SLACcitation   = "%%CITATION = ARXIV:1611.01664;%%"
}

@article{Aamodt:2011vg,
      author         = "Aamodt, K. and others",
      title          = "{Particle-yield modification in jet-like azimuthal
                        di-hadron correlations in Pb-Pb collisions at
                        $\sqrt{s_{NN}} = 2.76$ TeV}",
      collaboration  = "ALICE",
      journal        = "Phys. Rev. Lett.",
      volume         = "108",
      year           = "2012",
      pages          = "092301",
      doi            = "10.1103/PhysRevLett.108.092301",
      eprint         = "1110.0121",
      archivePrefix  = "arXiv",
      primaryClass   = "nucl-ex",
      reportNumber   = "CERN-PH-EP-2011-161",
      SLACcitation   = "%%CITATION = ARXIV:1110.0121;%%"
}


@article{Aad:2014bxa,
      author         = "Aad, Georges and others",
      title          = "{Measurements of the Nuclear Modification Factor for Jets
                        in Pb+Pb Collisions at $\sqrt{s_{\mathrm{NN}}}=2.76$ TeV
                        with the ATLAS Detector}",
      collaboration  = "ATLAS",
      journal        = "Phys. Rev. Lett.",
      volume         = "114",
      year           = "2015",
      number         = "7",
      pages          = "072302",
      doi            = "10.1103/PhysRevLett.114.072302",
      eprint         = "1411.2357",
      archivePrefix  = "arXiv",
      primaryClass   = "hep-ex",
      reportNumber   = "CERN-PH-EP-2014-172",
      SLACcitation   = "%%CITATION = ARXIV:1411.2357;%%"
}
	


@Article{Kodolova:2007hd,
     author    = "Kodolova, Olga and Vardanian, I. and Nikitenko, A. and
                  Oulianov, A.",
     title     = "{The performance of the jet identification and
                  reconstruction in heavy ions collisions with CMS
                  detector}",
     journal   = "Eur. Phys. J. C",
     volume    = "50",
     year      = "2007",
     pages     = "117",
     doi       = "10.1140/epjc/s10052-007-0223-9",
     SLACcitation  = "%%CITATION = EPHJA,C50,117;%%"
}

@Article{D'Enterria:2007xr,
     author    = "d'Enterria, David G. , (Ed. ) and others",
 collaboration = "CMS",
     title     = "{CMS physics technical design report: Addendum on high
                  density QCD with heavy ions}",
     journal   = "J. Phys. G",
     volume    = "34",
     year      = "2007",
     pages     = "2307",
     doi       = "10.1088/0954-3899/34/11/008",
     SLACcitation  = "%%CITATION = JPHGB,G34,2307;%%"
}

@Article{Ball:2007zza,
 collaboration = "CMS",
     title     = "{CMS technical design report, volume II: Physics
                  performance}",
     journal   = "J. Phys. G",
     volume    = "34",
     year      = "2007",
     pages     = "995",
     doi       = "10.1088/0954-3899/34/6/S01",
     SLACcitation  = "%%CITATION = JPHGB,G34,995;%%"
}

@Unpublished{bib_LHC-report,
    author    = "Albrow, Michael G. and others",
    title     = "{Tevatron-for-LHC Report of the QCD Working Group}",
    year      = "2006",
    eprint    = "hep-ph/0610012",
    archivePrefix = "arXiv"
}

@Article{bib_d0-prl,
    COLLABORATION = "D\O",
    title = {Measurement of Dijet Azimuthal Decorrelations at Central Rapidities in $p\bar{p}$ Collisions at $\sqrt{s_{\rm NN}}=1.96  TeV$},
    author = {Abazov, V. M. and others},
    journal = {Phys. Rev. Lett.},
    volume = {94},
    pages = {221801},
    year = {2005},
    publisher = {American Physical Society}
}

@Article{bib_d0-prd-chi,
    COLLABORATION = "D\O",
    title = {High-$p_{\rm T}$ Jets in $p\bar{p}$ Collisions at $\sqrt{s_{\rm NN}}=630$ GeV and 1800 GeV},
    author = {Abbott, B. and others},
    journal = {Phys. Rev. D.},
    volume = {64},
    pages = {032003},
    year = {2001},
    publisher = {American Physical Society}
}

@Article{bib_d0-prl-chi,
    COLLABORATION = "D\O",
    title = {Measurement of Dijet Angular Distributions at $\sqrt{s_{\rm NN}}=1.96  TeV$ and Searches for Quark
    Compositeness and Extra Spatial Dimensions},
    author = {Abazov, V. M. and others},
    journal = {Phys. Rev. Lett.},
    volume = {103},
    pages = {191803},
    year = {2009},
    publisher = {American Physical Society}
}

@Article{bib_cdf-prl-chi,
    COLLABORATION = "CDF",
    title = {Measurement of Dijet Angular Distributions at CDF},
    author = {Abe, F. and others},
    journal = {[Erratum-ibid. {\bf 78}, 4307 (1997)] Phys. Rev. Lett.},
    volume = {77},
    pages = {5336},
    year = {1996},
    publisher = {American Physical Society}
}


@article{Khachatryan:2016kdb,
      author         = "Khachatryan, Vardan and others",
      title          = "{Jet energy scale and resolution in the CMS experiment in
                           pp collisions at 8 TeV}",
      collaboration  = "CMS",
      journal        = "JINST",
      volume         = "12",
      year           = "2017",
      pages          = "P02014",
      doi            = "10.1088/1748-0221/12/02/P02014",
      eprint         = "1607.03663",
      archivePrefix  = "arXiv",
      primaryClass   = "hep-ex",
      reportNumber   = "CMS-JME-13-004, CERN-PH-EP-2015-305",
      SLACcitation   = "%%CITATION = ARXIV:1607.03663;%%"
}

@Article{bib_antikt,
     author    = "Cacciari, Matteo and Salam, Gavin P. and Soyez, Gregory",
     title     = "{The anti-$k_{t}$ jet clustering algorithm}",
     journal   = "JHEP",
     volume    = "04",
     year      = "2008",
     pages     = "063",
     eprint    = "0802.1189",
     archivePrefix = "arXiv",
     primaryClass  =  "hep-ph",
     doi       = "10.1088/1126-6708/2008/04/063",
     SLACcitation  = "%%CITATION = 0802.1189;%%"
}


@ARTICLE{bib_jec,
      AUTHOR      = "{CMS Collaboration}",
      TITLE       = "Jet Performance in pp Collisions at $\sqrt{s_{\rm NN}}$=7 {TeV}",
      URL         = "http://cdsweb.cern.ch/record/1279362",
      JOURNAL     = "CMS Physics Analysis Summary",
      VOLUME      = "\href{http://cdsweb.cern.ch/record/1279362}{CMS-PAS-JME-10-003}",
      YEAR        = "2010"
}}

@ARTICLE{bib_jme-09-008,
      AUTHOR      = "{CMS Collaboration}",
      TITLE       = "Calorimeter Jet Quality Criteria for the First CMS Collision Data",
      URL         = "http://cdsweb.cern.ch/record/1259924",
      JOURNAL     = "CMS Physics Analysis Summary",
      VOLUME      = "\href{http://cdsweb.cern.ch/record/1259924}{CMS-PAS-JME-09-008}",
      YEAR        = "2010"
}
@ARTICLE{cms2010-008,
    COLLABORATION = "CMS",
    TITLE =         "The CMS physics reach for searches at 7 TeV",
    JOURNAL =       "CMS Note",
    VOLUME =        "2010-008",
    YEAR =          "2010"
}

@Article{bib_pythia,
    author    = "Sj{\"o}strand, Torbjorn and Mrenna, Stephen and Skands, Peter",
    title     = "{PYTHIA 6.4} physics and manual",
    journal   = "JHEP",
    volume    = "05",
    year      = "2006",
    pages     = "026",
    doi            = "10.1088/1126-6708/2006/05/026",
    eprint    = "hep-ph/0603175",
    archivePrefix = "arXiv"
}

@Article{bib_geant,
     author    = "Agostinelli, S. and others",
     collaboration = {GEANT4},
     title     = "{GEANT4}--a simulation toolkit",
     journal   = "Nucl. Instrum. and Methods A",
     volume    = "506",
     year      = "2003",
     pages     = "250",
     doi       = "10.1016/S0168-9002(03)01368-8",
     SLACcitation  = "%%CITATION = NUIMA,A506,250;%%"
}


@Article{bib_herwig,
    author    = "Bahr, M. and others",
    title     = "{Herwig++ Physics and Manual}",
    journal   = "Eur. Phys. J. C",
    volume    = "58",
    year      = "2008",
    pages     = "639",
    eprint    = "0803.0883",
    archivePrefix = "arXiv",
    primaryClass  =  "hep-ph",
}

@Article{bib_madgraph,
    author    = "Alwall, Johan and others",
    title     = "{MadGraph/MadEvent v4: The New Web Generation}",
    journal   = "JHEP",
    volume    = "09",
    year      = "2007",
    pages     = "028",
    eprint    = "0706.2334",
    archivePrefix = "arXiv",
    primaryClass  =  "hep-ph"
}

@Article{bib_nlojet,
    title = {Three-Jet Cross Sections in Hadron-Hadron Collisions at Next-To-Leading Order},
    author = {Nagy, Zolt\'an },
    journal = {Phys. Rev. Lett.},
    volume = {88},
    number = {12},
    pages = {122003},
    year = {2002},
    publisher = {American Physical Society}
}

@Article{bib_fastnlojet,
    author    = "Kluge, T. and Rabbertz, K. and Wobisch, M.",
    title     = "{Fast pQCD calculations for PDF fits}",
    year      = "2006",
    eprint    = "hep-ph/0609285",
    archivePrefix = "arXiv"
}

@Article{bib_cteq,
    author    = "Tung, W. K. and others",
    title     = "{Heavy quark mass effects in deep inelastic scattering and global QCD analysis}",
    journal   = "JHEP",
    volume    = "02",
    year      = "2007",
    pages     = "053",
    eprint    = "hep-ph/0611254",
    archivePrefix = "arXiv"
}

@ARTICLE{nlojet1,
     AUTHOR       = "{Z. Nagy}",
     TITLE        = "Three-jet cross sections in hadron hadron collisions at next-to-leading order",
     JOURNAL       = "Phys. Rev. Lett.",
     YEAR       = "2002",
     PAGES       = "122003",
     VOLUME       = "88",
     eprint       = "hep-ph/0110315",
     archivePrefix = "arXiv"
}

@ARTICLE{nlojet2,
     AUTHOR       = "{Z. Nagy}",
     TITLE        = "Next-to-leading order calculation of three-jet observables in hadron hadron collisions",
     JOURNAL       = "Phys. Rev. D",
     YEAR       = "2003",
     PAGES       = "094002",
     VOLUME       = "68",
     eprint       = "hep-ph/0307268",
     archivePrefix = "arXiv"
}

@INPROCEEDINGS{fastnlo,
author = {Kluge, T. and Rabbertz, K. and Wobisch, M.},
   title = {{Fast pQCD calculations for PDF fits}},
   booktitle = {{14th International Workshop on Deep Inelastic Scattering (DIS 2006),
    20-24 Apr 2006}},
   year = {2006},
   pages = {483},
   address = {Tsukuba, Japan},
   archiveprefix = {arXiv},
   doi = {10.1142/9789812706706_0110},
   eprint = {hep-ph/0609285},
   review = {fastNLO Reference},
   slaccitation = {%%CITATION = HEP-PH/0609285;%%} }

@ARTICLE{cteq,
  author = {Nadolsky, Pavel M. and others},
  title = {{Implications of CTEQ global analysis for collider observables}},
  journal = {Phys. Rev. D},
  year = {2008},
  volume = {78},
  pages = {013004},
  eprint       = "0802.0007",
  archiveprefix = {arXiv},
  doi = {10.1103/PhysRevD.78.013004},
  eprint = {0802.0007},
  primaryclass = {hep-ph},
  slaccitation = {%%CITATION = 0802.0007;%%}
}

@ARTICLE{CI-1,
     AUTHOR       = "{E. Eichten, K. Lane, and M. Peskin}",
     TITLE        = "New tests for quark and lepton substructure",
     JOURNAL       = "Phys. Rev. Lett.",
     YEAR       = "1983",
     PAGES       = "811",
     VOLUME       = "50",
     publisher = {American Physical Society}
}
@Unpublished{CLs,
     AUTHOR       = "{A.L. Read}",
     TITLE        = "Modified frequentist analysis of search results (The $CL_s$ method)",
     NOTE       = "Prepared for Workshop on Confidence Limits, Geneva, Switzerland, 17-18 Jan 2000."
}

@TECHREPORT{ref:EGM-10-002,
     author = "{CMS Collaboration}",
     TITLE        = "Electromagnetic calorimeter commissioning and first results with {7\TeV} data",
     Type      = "CMS Note",
     NUMBER       = "CMS-NOTE-2010-012",
     url       = "http://cdsweb.cern.ch/record/1278160",
     YEAR         = "2010"}


@ARTICLE{HBHENewNoiseTalk,
     AUTHOR       = "{A. Apresyan for the HCAL Noise Working Group}",
     TITLE        = "New HBHE noise filters update",
     VOLUME             = "CMS Inernal Note in preparation",
     JOURNAL       = "JetMET meeting: http://indico.cern.ch/getFile.py/access?contribId=4\&resId=1\&materialId=slides\&confId=94576",
     YEAR =    "15 November 2010"
}
@Article{Cacciari:2008gn,
      author         = "Cacciari, Matteo and Salam, Gavin P. and Soyez, Gregory",
      title          = "{The Catchment Area of Jets}",
      journal        = "JHEP",
      volume         = "04",
      pages          = "005",
      doi            = "10.1088/1126-6708/2008/04/005",
      year           = "2008",
      eprint         = "0802.1188",
      archivePrefix  = "arXiv",
      primaryClass   = "hep-ph",
}
@Article{Cacciari:2007fd,
      author         = "Cacciari, Matteo and Salam, Gavin P.",
      title          = "{Pileup subtraction using jet areas}",
      journal        = "Phys. Lett. B",
      volume         = "659",
      pages          = "119",
      doi            = "10.1016/j.physletb.2007.09.077",
      year           = "2008",
      eprint         = "0707.1378",
      archivePrefix  = "arXiv",
      primaryClass   = "hep-ph",
}

@article{Cacciari:2010te,
      author         = "Cacciari, Matteo and Rojo, Juan and Salam, Gavin P. and
                        Soyez, Gregory",
      title          = "{Jet Reconstruction in Heavy Ion Collisions}",
      journal        = "Eur. Phys.  J. C",
      volume         = "71",
      pages          = "1539",
      doi            = "10.1140/epjc/s10052-011-1539-z",
      year           = "2011",
      eprint         = "1010.1759",
      archivePrefix  = "arXiv",
      primaryClass   = "hep-ph",
}

@Article{Khachatryan:2010xs,
 collaboration = "CMS",
     title     = "{Transverse momentum and pseudorapidity distributions of
                  charged hadrons in pp collisions at sqrt(s) = 0.9 and 2.36
                  TeV}",
     journal   = "JHEP",
     volume    = "02",
     year      = "2010",
     pages     = "041",
     eprint    = "1002.0621",
     archivePrefix = "arXiv",
     primaryClass  =  "hep-ex",
     doi       = "10.1007/JHEP02(2010)041",
     SLACcitation  = "%%CITATION = 1002.0621;%%"
}
@article{Djuvsland:2010qs,
      author         = "Djuvsland, Oystein and Nystrand, Joakim",
      title          = "{Single and Double Photonuclear Excitations in Pb+Pb
                        Collisions at $sqrt(s_NN)$ = 2.76 TeV at the CERN Large
                        Hadron Collider}",
      journal        = "Phys. Rev. C",
      volume         = "83",
      pages          = "041901",
      doi            = "10.1103/PhysRevC.83.041901",
      year           = "2011",
      eprint         = "1011.4908",
      archivePrefix  = "arXiv",
      primaryClass   = "hep-ph",
}

@Article{Miller:2007ri,
     author    = "Miller, Michael L. and Reygers, Klaus and Sanders, Stephen
                  J. and Steinberg, Peter",
     title     = "{Glauber modeling in high energy nuclear collisions}",
     journal   = "Ann. Rev. Nucl. Part. Sci.",
     volume    = "57",
     year      = "2007",
     pages     = "205",
     eprint    = "nucl-ex/0701025",
     archivePrefix = "arXiv",
     doi       = "10.1146/annurev.nucl.57.090506.123020",
     SLACcitation  = "%%CITATION = NUCL-EX/0701025;%%"
}
@Article{Lin:2004en,
     author    = "Lin, Zi-Wei and Ko, Che Ming and Li, Bao-An and Zhang, Bin
                  and Pal, Subrata",
     title     = "{A multi-phase transport model for relativistic heavy ion
                  collisions}",
     journal   = "Phys. Rev. C",
     volume    = "72",
     year      = "2005",
     pages     = "064901",
     eprint    = "nucl-th/0411110",
     archivePrefix = "arXiv",
     doi       = "10.1103/PhysRevC.72.064901",
     SLACcitation  = "%%CITATION = NUCL-TH/0411110;%%"
}
@Article{Lokhtin:2005px,
     author    = "Lokhtin, I. P. and Snigirev, A. M.",
     title     = "{A model of jet quenching in ultrarelativistic heavy ion
                  collisions and  high-$p_{\rm T}$ hadron spectra at RHIC}",
     journal   = "Eur. Phys. J. C",
     volume    = "45",
     year      = "2006",
     pages     = "211",
     eprint    = "hep-ph/0506189",
     archivePrefix = "arXiv",
     doi       = "10.1140/epjc/s2005-02426-3",
     SLACcitation  = "%%CITATION = HEP-PH/0506189;%%"
}

@Article{DeJager:1987qc,
     author    = "De Vries, H. and De Jager, C. W. and De Vries, C.",
     title     = "{Nuclear charge and magnetization density distribution
                  parameters from elastic electron scattering}",
     journal   = "Atom. Data Nucl. Data Tabl.",
     volume    = "36",
     year      = "1987",
     pages     = "495",
     SLACcitation  = "%%CITATION = ADNDA,36,495;%%"
}

@Article{PDBook,
     author    = "Nakamura, K and others",
     collaboration = "Particle Data Group",
     title     = "{Review of particle physics}",
     journal   = "J. Phys. G",
     volume    = "37",
     year      = "2010",
     pages     = "075021",
     doi       = "10.1088/0954-3899/37/7A/075021",
     url        = {http://pdg.lbl.gov},
     SLACcitation  = "%%CITATION = JPHGB,G37,075021;%%"
}

@ARTICLE{CMS-NOTE-2010-012,
 collaboration = "CMS",
      title        = "Electromagnetic calorimeter commissioning and first results
                      with 7 TeV data",
      institution  = "CERN",
      address      = "Geneva",
      number       = "CMS-NOTE-2010-012. CERN-CMS-NOTE-2010-012",
       year         = "2010",
}

@Article{Bayatian:2006zz,
 author        = "{CMS Collaboration}",
     title     = "{CMS physics: Technical Design Report Volume 1: Detector Performance and Software}",
     year      = "2006",
     journal       = "CERN-LHCC-2006-001",
     url       = "http://cdsweb.cern.ch/record/922757"
}
@InProceedings{Huth:1990mi,
    author = "Huth, John E. and Wainer, Naor and Meier, Karlheinz and others",
   title = "Toward a standardization of jet definitions",
   year = "1990",
   booktitle = "Research Directions For The Decade: Snowmass '90",
   url = "http://lss.fnal.gov/archive/1990/conf/Conf-90-249-E.pdf",
   note = "{FERMILAB-CONF-90-249-E}",
   pages="134",
   address = {Hackensack, USA}
}

@Unpublished{Collaboration:2011zj,
 author        = "{CMS Collaboration}",
     collaboration = "CMS",
     title     = "{Dijet Azimuthal Decorrelations in pp Collisions at $\sqrt s$
                  = 7 TeV}",
     year      = "2011",
     eprint    = "1101.5029",
     archivePrefix = "arXiv",
     primaryClass  =  "hep-ex",
     note = "Submitted to \textit{Physical Review Letters}",
     SLACcitation  = "%%CITATION = 1101.5029;%%"
}

@Article{Cacciari:2011tm,
     author    = "Cacciari, Matteo and Salam, Gavin P. and Soyez, Gregory",
     title     = "{Fluctuations and asymmetric jet events in PbPb collisions
                  at the LHC}",
     journal   = "Eur. Phys. J. C",
     volume    = "71",
     year      = "2011",
     pages     = "1692",
     eprint    = "1101.2878",
     archivePrefix = "arXiv",
     primaryClass  =  "hep-ph",
     doi       = "10.1140/epjc/s10052-011-1692-4",
     SLACcitation  = "%%CITATION = 1101.2878;%%"
}


@Article{Baier:1996kr,
     author    = "Baier, R. and Dokshitzer, Yuri L. and Mueller, Alfred H.
                  and Peigne, S. and Schiff, D.",
     title     = "{Radiative energy loss of high energy quarks and gluons in
                  a  finite-volume quark-gluon plasma}",
     journal   = "Nucl. Phys. B",
     volume    = "483",
     year      = "1997",
     pages     = "291",
     eprint    = "hep-ph/9607355",
     archivePrefix = "arXiv",
     doi       = "10.1016/S0550-3213(96)00553-6",
     SLACcitation  = "%%CITATION = HEP-PH/9607355;%%"
}

@Article{Baier:1996sk,
     author    = "Baier, R. and Dokshitzer, Yuri L. and Mueller, Alfred H.
                  and Peigne, S. and Schiff, D.",
     title     = "{Radiative energy loss and p(T)-broadening of high energy
                  partons in  nuclei}",
     journal   = "Nucl. Phys. B",
     volume    = "484",
     year      = "1997",
     pages     = "265",
     eprint    = "hep-ph/9608322",
     archivePrefix = "arXiv",
     doi       = "10.1016/S0550-3213(96)00581-0",
     SLACcitation  = "%%CITATION = HEP-PH/9608322;%%"
}

@Article{Baier:1998yf,
     author    = "Baier, R. and Dokshitzer, Yuri L. and Mueller, Alfred H.
                  and Schiff, D.",
     title     = "{Radiative energy loss of high energy partons traversing an
                  expanding  {QCD} plasma}",
     journal   = "Phys. Rev. C",
     volume    = "58",
     year      = "1998",
     pages     = "1706",
     eprint    = "hep-ph/9803473",
     archivePrefix = "arXiv",
     doi       = "10.1103/PhysRevC.58.1706",
     SLACcitation  = "%%CITATION = HEP-PH/9803473;%%"
}

@Article{Gyulassy:2000er,
     author    = "Gyulassy, M. and Levai, P. and Vitev, I.",
     title     = "{Reaction operator approach to non-Abelian energy loss}",
     journal   = "Nucl. Phys. B",
     volume    = "594",
     year      = "2001",
     pages     = "371",
     eprint    = "nucl-th/0006010",
     archivePrefix = "arXiv",
     doi       = "10.1016/S0550-3213(00)00652-0",
     SLACcitation  = "%%CITATION = NUCL-TH/0006010;%%"
}

@Article{Wiedemann:2000za,
     author    = "Wiedemann, Urs Achim",
     title     = "{Gluon radiation off hard quarks in a nuclear environment:
                  Opacity  expansion}",
     journal   = "Nucl. Phys. B",
     volume    = "588",
     year      = "2000",
     pages     = "303",
     eprint    = "hep-ph/0005129",
     archivePrefix = "arXiv",
     doi       = "10.1016/S0550-3213(00)00457-0",
     SLACcitation  = "%%CITATION = HEP-PH/0005129;%%"
}

@Article{Salgado:2003rv,
     author    = "Salgado, Carlos A. and Wiedemann, Urs Achim",
     title     = "{Medium modification of jet shapes and jet
                  multiplicities}",
     journal   = "Phys. Rev. Lett.",
     volume    = "93",
     year      = "2004",
     pages     = "042301",
     eprint    = "hep-ph/0310079",
     archivePrefix = "arXiv",
     doi       = "10.1103/PhysRevLett.93.042301",
     SLACcitation  = "%%CITATION = HEP-PH/0310079;%%"
}


@Article{Wang:2002ri,
     author    = "Wang, Enke and Wang, Xin-Nian",
     title     = "{Jet tomography of dense and nuclear matter}",
     journal   = "Phys. Rev. Lett.",
     volume    = "89",
     year      = "2002",
     pages     = "162301",
     eprint    = "hep-ph/0202105",
     archivePrefix = "arXiv",
     doi       = "10.1103/PhysRevLett.89.162301",
     SLACcitation  = "%%CITATION = HEP-PH/0202105;%%"
}

@Article{Salgado:2003qc,
     author    = "Salgado, Carlos A.",
     title     = "{Medium-induced gluon radiation and jet quenching in heavy
                  ion  collisions}",
     journal   = "Mod. Phys. Lett. A",
     volume    = "19",
     year      = "2004",
     pages     = "271",
     eprint    = "hep-ph/0312127",
     archivePrefix = "arXiv",
     doi       = "10.1142/S0217732304013106",
     SLACcitation  = "%%CITATION = HEP-PH/0312127;%%"
}

@Article{Zakharov:1996fv,
     author    = "Zakharov, B. G.",
     title     = "{Fully quantum treatment of the Landau-Pomeranchuk-Migdal
                  effect in QED  and QCD}",
     journal   = "JETP Lett.",
     volume    = "63",
     year      = "1996",
     pages     = "952",
     eprint    = "hep-ph/9607440",
     archivePrefix = "arXiv",
     doi       = "10.1134/1.567126",
     SLACcitation  = "%%CITATION = HEP-PH/9607440;%%"
}

@ARTICLE{CMS-PAS-JME-10-014,
      AUTHOR      = "{CMS Collaboration}",
      TITLE       = "Jet Energy Resolution in CMS at $\sqrt{s_{\rm NN}}=7$ {TeV}",
      URL         = "http://cdsweb.cern.ch/record/1339945",
      JOURNAL     = "CMS Physics Analysis Summary",
      VOLUME      = "\href{http://cdsweb.cern.ch/record/1339945}{CMS-PAS-JME-10-014}",
      YEAR        = "2011"
}

@Article{Cacciari:2008gp,
     AUTHOR       = "Cacciari, Matteo and Salam, Gavin P. and Soyez, Gregory",
     TITLE        = "{The anti-$k_t$ jet clustering algorithm}",
     JOURNAL       = "JHEP",
     VOLUME             = "04",
     YEAR =    "2008",
    Pages = "063",
  eprint = "0802.1189",
     archivePrefix ="arXiv",
     primaryClass = "hep-ph",
     doi = "10.1088/1126-6708/2008/04/063",
     SLACcitation = "%%CITATION = 0802.1189;%%"
}

@article{Chatrchyan:2011eka,
      author         = "Chatrchyan, Serguei and others",
      title          = "{Long-range and short-range dihadron angular correlations
                        in central PbPb collisions at a nucleon-nucleon center of
                        mass energy of 2.76 TeV}",
      collaboration  = "CMS",
      journal        = "JHEP",
      volume         = "07",
      pages          = "076",
      doi            = "10.1007/JHEP07(2011)076",
      year           = "2011",
      eprint         = "1105.2438",
      archivePrefix  = "arXiv",
      primaryClass   = "nucl-ex",
      reportNumber   = "CERN-PH-EP-2011-056, CMS-HIN-11-001",
      SLACcitation   = "%%CITATION = ARXIV:1105.2438;%%",
}

@article{Qin:2015srf,
      author         = "Qin, Guang-You and Wang, Xin-Nian",
      title          = "{Jet quenching in high-energy heavy-ion collisions}",
      journal        = "Mod. Phys. E",
      volume         = "24",
      year           = "2015",
        pages          = "1530014",
      doi            = "10.1142/S0218301315300143",
      eprint         = "1511.00790",
      archivePrefix  = "arXiv",
      primaryClass   = "hep-ph",
      SLACcitation   = "%%CITATION = ARXIV:1511.00790;%%"
}




@article{Chatrchyan:2011sx,
      author         = "Chatrchyan, Serguei and others",
      title          = "{Observation and studies of jet quenching in PbPb
                        collisions at $\sqrt{s_{\rm NN}}$ = 2.76
                        TeV}",
      collaboration  = "CMS",
      journal        = "Phys. Rev. C",
      volume         = "84",
      pages          = "024906",
      doi            = "10.1103/PhysRevC.84.024906",
      year           = "2011",
      eprint         = "1102.1957",
      archivePrefix  = "arXiv",
      primaryClass   = "nucl-ex",
      reportNumber   = "CMS-HIN-10-004, CERN-PH-EP-2011-001",
      SLACcitation   = "%%CITATION = ARXIV:1102.1957;%%",
}

@article{MattPFlow,
      author         = "Nguyen, M. and others",
      title          = "Jet reconstruction with particle flow in heavy-ion
                        collisions with {CMS}",
      journal        = "J. Phys. G",
      volume         = "38",
      pages          = "124151",
      doi            = "10.1088/0954-3899/38/12/124151",
      year           = "2011",
      eprint         = "1107.0179",
      archivePrefix  = "arXiv",
      primaryClass   = "nucl-ex",
      SLACcitation   = "%%CITATION = ARXIV:1107.0179;%%",
}

@ARTICLE{jme07,

  COLLABORATION = "CMS",
    TITLE =         "Plans for Jet Energy Corrections at CMS",
      JOURNAL     = "CMS Physics Analysis Summary",
          URL         = "http://cdsweb.cern.ch/record/1194485?ln=en",
    VOLUME =        "PAS JME-07-002",
    YEAR =          "2007"
}

@article{Adler:2002xw,
      author         = "Adler, C. and others",
      title          = "{Centrality dependence of high $p_{\rm T}$ hadron suppression
                        in Au+Au collisions at $\sqrt{s_{\rm NN}}$ = 130 GeV}",
      collaboration  = "STAR",
      journal        = "Phys. Rev. Lett.",
      volume         = "89",
      year           = "2002",
      pages          = "202301",
      doi            = "10.1103/PhysRevLett.89.202301",
      eprint         = "nucl-ex/0206011",
      archivePrefix  = "arXiv",
      primaryClass   = "nucl-ex",
      SLACcitation   = "%%CITATION = NUCL-EX/0206011;%%"
}

@article{Ma:2013pha,
      author         = "Ma, Guo-Liang",
      title          = "{Dijet asymmetry in Pb+Pb collisions at
                        $\sqrt{s_{\rm NN}}$=2.76 TeV within a multiphase transport
                        model}",
      journal        = "Phys. Rev. C",
      volume         = "87",
      year           = "2013",
      number         = "6",
      pages          = "064901",
      doi            = "10.1103/PhysRevC.87.064901",
      eprint         = "1304.2841",
      archivePrefix  = "arXiv",
      primaryClass   = "nucl-th",
      SLACcitation   = "%%CITATION = ARXIV:1304.2841;%%"
}



@article{Aad:2010bu,
      author         = "Aad, Georges and others",
      title          = "{Observation of a Centrality-Dependent Dijet Asymmetry in Lead-Lead Collisions at $\sqrt{s_{\rm NN}} = 2.76$ TeV with the ATLAS Detector at the LHC}",
      collaboration  = "ATLAS",
      journal        = "Phys. Rev. Lett.",
      volume         = "105",
      pages          = "252303",
      year           = "2010",
      eprint         = "1011.6182",
      archivePrefix  = "arXiv",
      primaryClass   = "hep-ex",
  doi            = "10.1103/PhysRevLett.105.252303"
}


@article{Ovanesyan:2011xy,
      author         = "Ovanesyan, Grigory and Vitev, Ivan",
      title          = "{An effective theory for jet propagation in dense QCD
                        matter: jet broadening and medium-induced bremsstrahlung}",
      journal        = "JHEP",
      volume         = "06",
      pages          = "080",
      doi            = "10.1007/JHEP06(2011)080",
      year           = "2011",
      eprint         = "1103.1074",
      archivePrefix  = "arXiv",
      primaryClass   = "hep-ph",
      SLACcitation   = "%%CITATION = ARXIV:1103.1074;%%",
}


@article{Lokhtin:2011qq,
      author         = "Lokhtin, I. P. and Belyaev, A. V. and Snigirev, A. M.",
      title          = "{Jet quenching pattern at LHC in PYQUEN model}",
      journal        = "Eur. Phys. J. C",
      volume         = "71",
      pages          = "1650",
      doi            = "10.1140/epjc/s10052-011-1650-1",
      year           = "2011",
      eprint         = "1103.1853",
      archivePrefix  = "arXiv",
      primaryClass   = "hep-ph",
      SLACcitation   = "%%CITATION = ARXIV:1103.1853;%%",
}

@Article{Young:2011qx,
      author    = "Young, Clint and Schenke, Bjorn and Jeon, Sangyong and
                   Gale, Charles",
      title     = "{Dijet asymmetry at the energies available at the CERN
                   Large Hadron Collider}",
      journal   = "Phys. Rev. C",
      volume    = "84",
      year      = "2011",
      pages     = "024907",
      eprint    = "1103.5769",
      archivePrefix = "arXiv",
      primaryClass  =  "nucl-th",
      doi       = "10.1103/PhysRevC.84.024907",
      SLACcitation  = "%%CITATION = 1103.5769;%%"
}

@article{Zapp:2011ya,
      author         = "Zapp, Korinna Christine and Stachel, Johanna and
                        Wiedemann, Urs Achim",
      title          = "{A local Monte Carlo framework for coherent QCD parton
                        energy loss}",
      journal        = "JHEP",
      volume         = "07",
      pages          = "118",
      doi            = "10.1007/JHEP07(2011)118",
      year           = "2011",
      eprint         = "1103.6252",
      archivePrefix  = "arXiv",
      primaryClass   = "hep-ph",
      reportNumber   = "IPPP-11-16, DCPT-11-32, MCNET-11-11, CERN-PH-TH-2011-043",
      SLACcitation   = "%%CITATION = ARXIV:1103.6252;%%",
}


@article{Horowitz:2011gd,
      author         = "Horowitz, W.A. and Gyulassy, Miklos",
      title          = "{The Surprising Transparency of the sQGP at LHC}",
      journal        = "Nucl. Phys. A",
      volume         = "872",
      pages          = "265",
      doi            = "10.1016/j.nuclphysa.2011.09.018",
      year           = "2011",
      eprint         = "1104.4958",
      archivePrefix  = "arXiv",
      primaryClass   = "hep-ph",
      SLACcitation   = "%%CITATION = ARXIV:1104.4958;%%",
}
@article{Caselle:2011fy,
      author         = "Caselle, Michele and Castagnini, Luca and Feo, Alessandra
                        and Gliozzi, Ferdinando and Panero, Marco",
      title          = "{Thermodynamics of SU(N) Yang-Mills theories in 2+1
                        dimensions I - The confining phase}",
      journal        = "JHEP",
      volume         = "06",
      pages          = "142",
      doi            = "10.1007/JHEP06(2011)142",
      year           = "2011",
      eprint         = "1105.0359",
      archivePrefix  = "arXiv",
      primaryClass   = "hep-lat",
      reportNumber   = "DFTT-7-11, HIP-2011-11-TH",
      SLACcitation   = "%%CITATION = ARXIV:1105.0359;%%",
}
@article{CasalderreySolana:2011rz,
      author         = "Casalderrey-Solana, J. and Iancu, E.",
      title          = "{Interference effects in medium-induced gluon radiation}",
      journal        = "JHEP",
      volume         = "08",
      pages          = "015",
      doi            = "10.1007/JHEP08(2011)015",
      year           = "2011",
      eprint         = "1105.1760",
      archivePrefix  = "arXiv",
      primaryClass   = "hep-ph",
      reportNumber   = "CERN-PH-TH-2011-104",
      SLACcitation   = "%%CITATION = ARXIV:1105.1760;%%",
}
@article{Neufeld:2011yh,
      author         = "Neufeld, R.B. and Vitev, Ivan",
      title          = "{Parton showers as sources of energy-momentum deposition
                        in the QGP and their implication for shockwave formation
                        at RHIC and at the LHC}",
      year           = "2011",
      eprint         = "1105.2067",
      archivePrefix  = "arXiv",
      primaryClass   = "hep-ph",
      SLACcitation   = "%%CITATION = ARXIV:1105.2067;%%",
}


@Unpublished{He:2011pd,
       author         = "He, Yuncun and Vitev, Ivan and Zhang, Ben-Wei",
       title          = "{Next-to-leading order analysis of inclusive jet and
                         di-jet production in heavy ion reactions at the Large
                         Hadron Collider}",
       note           = "Submitted to \textit{Phys. Lett. B}",
       year           = "2011",
       eprint         = "1105.2566",
       archivePrefix  = "arXiv",
       primaryClass   = "hep-ph",
       SLACcitation   = "%%CITATION = ARXIV:1105.2566;%%",
}


@article{Neufeld:2011ji,
      author         = "Neufeld, R.B.",
      title          = "{A Derivation of the source term induced by a fast parton
                        from the quark energy-momentum tensor}",
      journal        = "J.Phys.Conf.Ser.",
      volume         = "316",
      pages          = "012031",
      doi            = "10.1088/1742-6596/316/1/012031",
      year           = "2011",
      eprint         = "1105.3485",
      archivePrefix  = "arXiv",
      primaryClass   = "hep-ph",
      SLACcitation   = "%%CITATION = ARXIV:1105.3485;%%",
}
@article{Armesto:2011ht,
      author         = "Armesto, Nestor and Cole, Brian and Gale, Charles and
                        Horowitz, William A. and Jacobs, Peter and others",
      title          = "{Comparison of Jet Quenching Formalisms for a Quark-Gluon
                        Plasma 'Brick'}",
      year           = "2011",
      eprint         = "1106.1106",
      archivePrefix  = "arXiv",
      primaryClass   = "hep-ph",
      SLACcitation   = "%%CITATION = ARXIV:1106.1106;%%",
}
@article{Qin:2011ng,
      author         = "Qin, Guang-You",
      title          = "{Jet shower evolution in medium and dijet asymmetry in
                        Pb+Pb collisions at the LHC}",
      journal        = "J. Phys. G",
      volume         = "38",
      pages          = "124158",
      doi            = "10.1088/0954-3899/38/12/124158",
      year           = "2011",
      eprint         = "1107.0631",
      archivePrefix  = "arXiv",
      primaryClass   = "hep-ph",
      SLACcitation   = "%%CITATION = ARXIV:1107.0631;%%",
}
@article{MehtarTani:2011vh,
      author         = "Mehtar-Tani, Y. and Salgado, C.A. and Tywoniuk, K.",
      title          = "{Onset of color decoherence for soft gluon radiation in
                        medium}",
      journal        = "J. Phys. G",
      volume         = "38",
      pages          = "124063",
      doi            = "10.1088/0954-3899/38/12/124063",
      year           = "2011",
      eprint         = "1107.0907",
      archivePrefix  = "arXiv",
      primaryClass   = "hep-ph",
      SLACcitation   = "%%CITATION = ARXIV:1107.0907;%%",
}
@article{Vitev:2011gs,
      author         = "Vitev, I.",
      title          = "{NLO analysis of inclusive jet, tagged jet and di-jet
                        production in Pb+Pb collisions at the LHC}",
      journal        = "J. Phys. G",
      volume         = "38",
      pages          = "124087",
      doi            = "10.1088/0954-3899/38/12/124087",
      year           = "2011",
      eprint         = "1107.5741",
      archivePrefix  = "arXiv",
      primaryClass   = "hep-ph",
      SLACcitation   = "%%CITATION = ARXIV:1107.5741;%%",
}
@article{ColemanSmith:2011rw,
      author         = "Coleman-Smith, C.E. and Qin, G-Y. and Bass, S.A. and
                        Muller, B.",
      title          = "{Jet Modification in a Brick of QGP Matter}",
      year           = "2011",
      eprint         = "1108.5662",
      archivePrefix  = "arXiv",
      primaryClass   = "hep-ph",
      SLACcitation   = "%%CITATION = ARXIV:1108.5662;%%",
}
@Unpublished{Neufeld:2011fh,
      author         = "Neufeld, R.B.",
      title          = "{Jet momentum balance independent of shear viscosity}",
      year           = "2011",
      eprint         = "1108.6297",
      archivePrefix  = "arXiv",
      primaryClass   = "nucl-th",
      SLACcitation   = "%%CITATION = ARXIV:1108.6297;%%",
}
@Unpublished{Tannenbaum:2011vk,
      author         = "Tannenbaum, M.J. and others",
      title          = "Measuring Parton Energy Loss at {RHIC} compared to {LHC}",
      year           = "2011",
      eprint         = "1109.0760",
      archivePrefix  = "arXiv",
      primaryClass   = "nucl-ex",
      SLACcitation   = "%%CITATION = ARXIV:1109.0760;%%",
}

@article{Heinz:2011kt,
      author         = "Heinz, Ulrich and Shen, Chun and Song, Huichao",
      title          = "{The viscosity of quark-gluon plasma at RHIC and the
                        LHC}",
      booktitle      = "{Proceedings, 19th International Conference on Particles
                        and Nuclei (PANIC 11): Cambridge, USA, July 24-29, 2011}",
      journal        = "AIP Conf. Proc.",
      volume         = "1441",
      year           = "2012",
      pages          = "766-770",
      doi            = "10.1063/1.3700674",
      eprint         = "1108.5323",
      archivePrefix  = "arXiv",
      primaryClass   = "nucl-th",
      SLACcitation   = "%%CITATION = ARXIV:1108.5323;%%"
}

@article{Satz:2012zza,
      author         = "Satz, Helmut",
      title          = "{Extreme states of matter in strong interaction physics.
                        An introduction}",
      journal        = "Lect. Notes Phys.",
      volume         = "841",
      year           = "2012",
      pages          = "1-239",
      doi            = "10.1007/978-3-642-23908-3",
      SLACcitation   = "%%CITATION = LNPHA,841,1;%%"
}



@article{Foka2016,
title = "An overview of experimental results from ultra-relativistic heavy-ion collisions at the CERN LHC: Bulk properties and dynamical evolution",
journal = "Reviews in Physics",
volume = "1",
number = "",
pages = "154 - 171",
year = "2016",
note = "",
issn = "2405-4283",
doi = "http://dx.doi.org/10.1016/j.revip.2016.11.002",
url = "http://www.sciencedirect.com/science/article/pii/S2405428316300156",
author = "Panagiota Foka and Małgorzata Anna Janik",
keywords = "Large hadron collider",
keywords = "Heavy-ion collisions",
keywords = "High energy physics"
}

@article{Jaiswal:2016hex,
      author         = "Jaiswal, Amaresh and Roy, Victor",
      title          = "{Relativistic hydrodynamics in heavy-ion collisions:
                        general aspects and recent developments}",
      journal        = "Adv. High Energy Phys.",
      volume         = "2016",
      year           = "2016",
      pages          = "9623034",
      doi            = "10.1155/2016/9623034",
      eprint         = "1605.08694",
      archivePrefix  = "arXiv",
      primaryClass   = "nucl-th",
      SLACcitation   = "%%CITATION = ARXIV:1605.08694;%%"
}



@article{Zapp:2011kj,
      author         = "Zapp, Korinna",
      title          = "{Monte Carlo Tools for Jet Quenching}",
      journal        = "J. Phys. G",
      volume         = "38",
      pages          = "124018",
      doi            = "10.1088/0954-3899/38/12/124018",
      year           = "2011",
      eprint         = "1109.1466",
      archivePrefix  = "arXiv",
      primaryClass   = "hep-ph",
      reportNumber   = "IPPP-11-52, DCPT-11-106, MCNET-11-21",
      SLACcitation   = "%%CITATION = ARXIV:1109.1466;%%",
}
@Unpublished{Linders:2011qm,
      author         = "Linders, Viktor",
      title          = "Jet softening and decollimation in heavy-ion
                        collisions",
      year           = "2011",
      eprint         = "1109.3082",
      archivePrefix  = "arXiv",
      primaryClass   = "hep-ph",
      reportNumber   = "LU-TP-11-28",
      SLACcitation   = "%%CITATION = ARXIV:1109.3082;%%",
}



@article{Voloshin:2008dg,
      author         = "Voloshin, Sergei A. and Poskanzer, Arthur M. and
                        Snellings, Raimond",
      title          = "{Collective phenomena in non-central nuclear collisions}",
      year           = "2008",
      eprint         = "0809.2949",
      archivePrefix  = "arXiv",
      primaryClass   = "nucl-ex",
      SLACcitation   = "%%CITATION = ARXIV:0809.2949;%%"
}

@article{Chatrchyan:2013nka,
      author         = "Chatrchyan, Serguei and others",
      title          = "{Multiplicity and transverse momentum dependence of two-
                        and four-particle correlations in pPb and PbPb
                        collisions}",
      collaboration  = "CMS",
      journal        = "Phys. Lett.",
      volume         = "B724",
      year           = "2013",
      pages          = "213-240",
      doi            = "10.1016/j.physletb.2013.06.028",
      eprint         = "1305.0609",
      archivePrefix  = "arXiv",
      primaryClass   = "nucl-ex",
      reportNumber   = "CMS-HIN-13-002, CERN-PH-EP-2013-077",
      SLACcitation   = "%%CITATION = ARXIV:1305.0609;%%"
}



@article{Salgado:2011ie,
      author         = "Salgado, Carlos A.",
      title          = "{Hard Probes of the Quark Gluon Plasma in Heavy Ion
                        Collisions}",
      year           = "2011",
      eprint         = "1109.4082",
      archivePrefix  = "arXiv",
      primaryClass   = "hep-ph",
      SLACcitation   = "%%CITATION = ARXIV:1109.4082;%%",
}
@article{Ovanesyan:2011kn,
      author         = "Ovanesyan, Grigory and Vitev, Ivan",
      title          = "{Medium-induced parton splitting kernels from Soft
                        Collinear Effective Theory with Glauber gluons}",
      journal        = "Phys. Lett. B",
      volume         = "706",
      pages          = "371",
      doi            = "10.1016/j.physletb.2011.11.040",
      year           = "2012",
      eprint         = "1109.5619",
      archivePrefix  = "arXiv",
      primaryClass   = "hep-ph",
      SLACcitation   = "%%CITATION = ARXIV:1109.5619;%%",
}
@article{Young:2011va,
      author         = "Young, Clint and Jeon, Sangyong and Gale, Charles and
                        Schenke, Bjoern",
      title          = "{Monte-Carlo simulation of jets in heavy-ion collisions}",
      year           = "2011",
      eprint         = "1109.5992",
      archivePrefix  = "arXiv",
      primaryClass   = "hep-ph",
      SLACcitation   = "%%CITATION = ARXIV:1109.5992;%%",
}
@Unpublished{Renk:2011qf,
      author         = "Renk, Thorsten",
      title          = "Using Hard Dihadron Correlations to constrain Elastic
                        Energy Loss",
      year           = "2011",
      eprint         = "1110.2313",
      archivePrefix  = "arXiv",
      primaryClass   = "hep-ph",
      SLACcitation   = "%%CITATION = ARXIV:1110.2313;%%",
}
@article{Armesto:2011ir,
      author         = "Armesto, Nestor and Ma, Hao and Mehtar-Tani, Yacine and
                        Salgado, Carlos A. and Tywoniuk, Konrad",
      title          = "{Coherence effects and broadening in medium-induced QCD
                        radiation off a massive $q {\bar q}$ antenna}",
      year           = "2011",
      eprint         = "1110.4343",
      archivePrefix  = "arXiv",
      primaryClass   = "hep-ph",
      SLACcitation   = "%%CITATION = ARXIV:1110.4343;%%",
}
@article{AliAkbari:2011ue,
      author         = "Ali-Akbari, Mohammad and Gursoy, Umut",
      title          = "{Rotating strings and energy loss in non-conformal
                        holography}",
      year           = "2011",
      eprint         = "1110.5881",
      archivePrefix  = "arXiv",
      primaryClass   = "hep-th",
      reportNumber   = "IPM-P-2011-044, CERN-PH-TH-2011-285, NSF-KITP-11-219",
      SLACcitation   = "%%CITATION = ARXIV:1110.5881;%%",
}
@article{Nishida:2011xb,
      author         = "Nishida, Yusuke",
      title          = "{'Hard probes' of strongly-interacting atomic gases}",
      year           = "2011",
      eprint         = "1110.5926",
      archivePrefix  = "arXiv",
      primaryClass   = "cond-mat.quant-gas",
      reportNumber   = "MIT-CTP-4311, LA-UR-11-11809",
      SLACcitation   = "%%CITATION = ARXIV:1110.5926;%%",
}
@article{He:2011sg,
      author         = "He, Yuncun and Zhang, Ben-Wei and Wang, Enke",
      title          = "{Cold Nuclear Matter Effects on Dijet Productions in
                        Relativistic Heavy-ion Reactions at LHC}",
      year           = "2011",
      eprint         = "1110.6601",
      archivePrefix  = "arXiv",
      primaryClass   = "hep-ph",
      SLACcitation   = "%%CITATION = ARXIV:1110.6601;%%",
}


@article{Bozek:2011ua,
      author         = "Bozek, Piotr",
      title          = "{Flow and interferometry in 3+1 dimensional viscous
                        hydrodynamics}",
      year           = "2011",
      eprint         = "1110.6742",
      archivePrefix  = "arXiv",
      primaryClass   = "nucl-th",
      SLACcitation   = "%%CITATION = ARXIV:1110.6742;%%",
}


@Unpublished{Chesler:2011nc,
      author         = "Chesler, Paul M. and Ho, Ying-Yu and Rajagopal, Krishna",
      title          = "Shining a Gluon Beam Through Quark-Gluon Plasma",
      note           = "Submitted to \textit{Phys. Rev. D}",
      year           = "2011",
      eprint         = "1111.1691",
      archivePrefix  = "arXiv",
      primaryClass   = "hep-th",
      SLACcitation   = "%%CITATION = ARXIV:1111.1691;%%",
}
@article{Loizides:2011ht,
      author         = "Loizides, Constantin and Putschke, Joern",
      title          = "{Remarks on the possible importance of jet v_3 and
                        multiple jet production for the interpretation of recent
                        jet quenching measurements at the LHC}",
      year           = "2011",
      eprint         = "1111.4472",
      archivePrefix  = "arXiv",
      primaryClass   = "nucl-ex",
      SLACcitation   = "%%CITATION = ARXIV:1111.4472;%%",
}

@article{Schukraft:2011ch,
      author         = "Schukraft, J.",
      title          = "{Results from the first heavy ion run at the LHC}",
      year           = "2011",
      eprint         = "1112.0550",
      archivePrefix  = "arXiv",
      primaryClass   = "hep-ex",
      SLACcitation   = "%%CITATION = ARXIV:1112.0550;%%",
}
@unpublished{Renk:2011aa,
      author         = "Renk, Thorsten",
      title          = "Constraining the Physics of Jet Quenching",
      year           = "2011",
      eprint         = "1112.2503",
      archivePrefix  = "arXiv",
      primaryClass   = "hep-ph",
      SLACcitation   = "%%CITATION = ARXIV:1112.2503;%%",
}
@article{Betz:2012qq,
      author         = "Betz, Barbara and Gyulassy, Miklos",
      title          = "{Reduced Jet-Medium Coupling in Pb+Pb Collisions at the
                        LHC?}",
      year           = "2012",
      eprint         = "1201.0281",
      archivePrefix  = "arXiv",
      primaryClass   = "nucl-th",
      SLACcitation   = "%%CITATION = ARXIV:1201.0281;%%",
}
@article{Prino:2012af,
      author         = "Prino, Francesco",
      title          = "{Heavy-ion results from the LHC}",
      year           = "2012",
      eprint         = "1201.2348",
      archivePrefix  = "arXiv",
      primaryClass   = "nucl-ex",
      SLACcitation   = "%%CITATION = ARXIV:1201.2348;%%",
}
@article{MehtarTani:2011tz,
      author         = "Mehtar-Tani, Y. and Salgado, C.A. and Tywoniuk, K.",
      title          = "{Jets in QCD media: from color coherence to decoherence}",
      journal        = "Phys. Lett. B",
      volume         = "707",
      pages          = "156",
      doi            = "10.1016/j.physletb.2011.12.042",
      year           = "2012",
      eprint         = "1102.4317",
      archivePrefix  = "arXiv",
      primaryClass   = "hep-ph",
      SLACcitation   = "%%CITATION = ARXIV:1102.4317;%%",
}

@article{CasalderreySolana:2011rq,
      author         = "Casalderrey-Solana, J. and Milhano, J.G. and Wiedemann,
                        U.",
      title          = "{Jet quenching via jet collimation}",
      journal        = "J. Phys. G",
      volume         = "38",
      pages          = "124086",
      doi            = "10.1088/0954-3899/38/12/124086",
      year           = "2011",
      eprint         = "1107.1964",
      archivePrefix  = "arXiv",
      primaryClass   = "hep-ph",
      reportNumber   = "CERN-PH-TH-2011-168",
      SLACcitation   = "%%CITATION = ARXIV:1107.1964;%%",
}

@article{CasalderreySolana:2010eh,
       author         = "Casalderrey-Solana, Jorge and Milhano, Jose Guilherme and
                         Wiedemann, Urs Achim",
       title          = "{Jet Quenching via Jet Collimation}",
       journal        = "J. Phys. G",
       volume         = "38",
       pages          = "035006",
       doi            = "10.1088/0954-3899/38/3/035006",
       year           = "2011",
       eprint         = "1012.0745",
       archivePrefix  = "arXiv",
       primaryClass   = "hep-ph",
       reportNumber   = "CERN-PH-TH-2010-288",
       SLACcitation   = "%%CITATION = ARXIV:1012.0745;%%",
}

@article{Aamodt:2010jd,
      author         = "Aamodt, K.",
      title          = "{Suppression of Charged Particle Production at Large
                        Transverse Momentum in Central PbPb Collisions at
                        $\sqrt{s_{\rm NN}} = 2.76$ TeV}",
      collaboration  = "ALICE",
      journal        = "Phys. Lett. B",
      volume         = "696",
      pages          = "30",
      doi            = "10.1016/j.physletb.2010.12.020",
      year           = "2011",
      eprint         = "1012.1004",
      archivePrefix  = "arXiv",
      primaryClass   = "nucl-ex",
      reportNumber   = "CERN-PH-EP-ALICE-2010-004",
      SLACcitation   = "%%CITATION = ARXIV:1012.1004;%%",
}


@Unpublished{Alice:dihadron,
      author         = "Aamodt, K.",
      title          = "{Particle-yield modification in jet-like azimuthal di-hadron correlations in Pb-Pb collisions at
                        $\sqrt{s_{\rm NN}} = 2.76$ TeV}",
      collaboration  = "ALICE",
      note           = "Accepted by \textit{Phys. Rev. Lett.}",
      year           = "2012",
      eprint         = "1012.1004",
      archivePrefix  = "arXiv",
      primaryClass   = "nucl-ex",
      reportNumber   = "CERN-PH-EP-2011-161",
      SLACcitation   = "%%CITATION = ARXIV:1110.0121;%%",
}

@article{Qin:2010mn,
       author         = "Qin, Guang-You and Muller, Berndt",
       title          = "{Explanation of Di-jet asymmetry in Pb+Pb collisions at
                         the Large Hadron Collider}",
       journal        = "Phys. Rev. Lett.",
       volume         = "106",
       pages          = "162302",
       doi            = "10.1103/PhysRevLett.106.162302",
       year           = "2011",
       eprint         = "1012.5280",
       archivePrefix  = "arXiv",
       primaryClass   = "hep-ph",
       SLACcitation   = "%%CITATION = ARXIV:1012.5280;%%",
}


@article {HIN-11-001,
    author         = "Chatrchyan, Serguei and others",
      title          = "{Long-range and short-range dihadron angular correlations
                        in central PbPb collisions at a nucleon-nucleon center of
                        mass energy of 2.76 TeV}",
      collaboration  = "CMS",
      journal        = "JHEP",
      volume         = "07",
      year           = "2011",
      pages          = "076",
      doi            = "10.1007/JHEP07(2011)076",
      eprint         = "1105.2438",
      archivePrefix  = "arXiv",
      primaryClass   = "nucl-ex",
      reportNumber   = "CERN-PH-EP-2011-056, CMS-HIN-11-001",
      SLACcitation   = "%%CITATION = ARXIV:1105.2438;%%"
}

@article {HIN-11-006,
   author         = "Chatrchyan, Serguei and others",
      title          = "{Centrality dependence of dihadron correlations and
                        azimuthal anisotropy harmonics in PbPb collisions at
                        $\sqrt{s_{\rm NN}}=2.76$ TeV}",
      collaboration  = "CMS",
      journal        = "Eur. Phys. J. C.",
      volume         = "72",
      year           = "2012",
      pages          = "2012",
      doi            = "10.1140/epjc/s10052-012-2012-3",
      eprint         = "1201.3158",
      archivePrefix  = "arXiv",
      primaryClass   = "nucl-ex",
      reportNumber   = "CMS-HIN-11-006, CERN-PH-EP-2011-222",
      SLACcitation   = "%%CITATION = ARXIV:1201.3158;%%"
}


@article{Majumder:2010qh,
      author         = "Majumder, A. and Van Leeuwen, M.",
      title          = "{The Theory and Phenomenology of Perturbative QCD Based
                        Jet Quenching}",
      journal        = "Prog. Part. Nucl. Phys. A",
      volume         = "66",
      pages          = "41",
      doi            = "10.1016/j.ppnp.2010.09.001",
      year           = "2011",
      eprint         = "1002.2206",
      archivePrefix  = "arXiv",
      primaryClass   = "hep-ph",
      SLACcitation   = "%%CITATION = ARXIV:1002.2206;%%",
}



@article{CMS-DP-2013-018,
       COLLABORATION= "CMS",
       title        = "Underlying-Event Subtraction for Particle Flow",
       JOURNAL      = "CMS Detector Performance Summary",
       VOLUME       = "CMS-DP-2013-018",
       YEAR         = "2013",
       URL  = "https://cds.cern.ch/record/1558644"
}

@article{Chatrchyan:2014hqa,
      author         = "Chatrchyan, Serguei and others",
      title          = "{Studies of dijet transverse momentum balance and
                        pseudorapidity distributions in pPb collisions at
                        $\sqrt{s_{\rm NN}} = 5.02$ $\,\text {TeV}$}",
      collaboration  = "CMS",
      journal        = "Eur. Phys. J. C.",
      volume         = "74",
      pages          = "2951",
      doi            = "10.1140/epjc/s10052-014-2951-y",
      year           = "2014",
      eprint         = "1401.4433",
      archivePrefix  = "arXiv",
      primaryClass   = "nucl-ex",
      reportNumber   = "CMS-HIN-13-001, CERN-PH-EP-2013-236",
      SLACcitation   = "%%CITATION = ARXIV:1401.4433;%%",
}

@article{Chatrchyan:2013kwa,
      author         = "Chatrchyan, Serguei and others",
      title          = "{Modification of jet shapes in PbPb collisions at $\sqrt{s_{\rm NN}} = 2.76$ TeV}",
      collaboration  = "CMS",
      journal        = "Phys. Lett. B",
      volume         = "730",
      pages          = "243",
      doi            = "10.1016/j.physletb.2014.01.042",
      year           = "2014",
      eprint         = "1310.0878",
      archivePrefix  = "arXiv",
      primaryClass   = "nucl-ex",
}


@article{CMS:2012vba,
      author         = "Chatrchyan, Serguei and others",
      title          = "{Measurement of jet fragmentation in PbPb and pp
                        collisions at $\sqrt{s_{\rm NN}}=2.76$ TeV}",
      collaboration  = "CMS",
      journal        = "Phys. Rev. C",
        volume         = "90",
      pages          = "024908",
      doi            = "10.1103/PhysRevC.90.024908",
      year           = "2014",
      eprint         = "1406.0932",
      archivePrefix  = "arXiv",
      primaryClass   = "nucl-ex",
      reportNumber   = "CMS-HIN-12-013, CERN-PH-EP-2014-100",
      SLACcitation   = "%%CITATION = ARXIV:1406.0932;%%",
}
